<?xml version="1.0" encoding="UTF-8"?>
<!DOCTYPE html PUBLIC "-//W3C//DTD XHTML 1.0 Transitional//EN"
    "http://www.w3.org/TR/xhtml1/DTD/xhtml1-transitional.dtd">
<html xmlns="http://www.w3.org/1999/xhtml" xml:lang="en" lang="en">
 <head>
  <title>
</title>
<meta http-equiv="Content-Type" content="text/html;charset=utf-8" />
  <meta name='ocr-system' content='tesseract 3.04.00' />
  <meta name='ocr-capabilities' content='ocr_page ocr_carea ocr_par ocr_line ocrx_word'/>
</head>
<body>
  <div class='ocr_page' id='page_1' title='image "./patrologiaecurs58unkngoog/patrologiaecurs58unkngoog_0166.png"; bbox 0 0 4900 6892; ppageno 0'>
   <div class='ocr_carea' id='block_1_1' title="bbox 403 731 470 790">
    <p class='ocr_par' dir='ltr' id='par_1_1' title="bbox 403 731 470 790">
     <span class='ocr_line' id='line_1_1' title="bbox 403 731 470 790; baseline 0 0"><span class='ocrx_word' id='word_1_1' title='bbox 403 731 470 790; x_wconf 74' lang='lat' dir='ltr'>tati</span> 
     </span>
    </p>
   </div>
   <div class='ocr_carea' id='block_1_2' title="bbox 331 830 1242 5976">
    <p class='ocr_par' dir='ltr' id='par_1_2' title="bbox 331 830 1202 1729">
     <span class='ocr_line' id='line_1_2' title="bbox 438 830 1194 906; baseline -0.026 -5"><span class='ocrx_word' id='word_1_2' title='bbox 438 849 505 901; x_wconf 78' lang='lat' dir='ltr'>nne.</span> <span class='ocrx_word' id='word_1_3' title='bbox 530 843 590 898; x_wconf 85' lang='lat' dir='ltr'>Non</span> <span class='ocrx_word' id='word_1_4' title='bbox 602 843 692 897; x_wconf 82' lang='lat' dir='ltr'>dicitnr</span> <span class='ocrx_word' id='word_1_5' title='bbox 705 841 732 895; x_wconf 86' lang='lat' dir='ltr'>iu</span> <span class='ocrx_word' id='word_1_6' title='bbox 746 839 829 894; x_wconf 78' lang='lat' dir='ltr'>lsrael</span> <span class='ocrx_word' id='word_1_7' title='bbox 837 877 846 906; x_wconf 90' lang='lat'>,</span> <span class='ocrx_word' id='word_1_8' title='bbox 862 845 933 892; x_wconf 86' lang='lat' dir='ltr'>recte</span> <span class='ocrx_word' id='word_1_9' title='bbox 944 834 1066 898; x_wconf 86' lang='lat' dir='ltr'>diceres,</span> <span class='ocrx_word' id='word_1_10' title='bbox 1079 830 1102 885; x_wconf 91' lang='lat' dir='ltr'>si</span> <span class='ocrx_word' id='word_1_11' title='bbox 1116 842 1194 884; x_wconf 85' lang='lat' dir='ltr'>rems</span> 
     </span>
     <span class='ocr_line' id='line_1_3' title="bbox 403 918 1197 1003; baseline -0.023 -13"><span class='ocrx_word' id='word_1_12' title='bbox 403 935 536 991; x_wconf 84' lang='lat' dir='ltr'>lsraeiitas</span> <span class='ocrx_word' id='word_1_13' title='bbox 551 938 721 1003; x_wconf 87' lang='lat' dir='ltr'>regeneratos</span> <span class='ocrx_word' id='word_1_14' title='bbox 733 928 858 992; x_wconf 81' lang='lat' dir='ltr'>rideres,</span> <span class='ocrx_word' id='word_1_15' title='bbox 873 928 899 981; x_wconf 94' lang='lat' dir='ltr'>in</span> <span class='ocrx_word' id='word_1_16' title='bbox 915 926 1010 996; x_wconf 80' lang='lat' dir='ltr'>ouibus</span> <span class='ocrx_word' id='word_1_17' title='bbox 1021 924 1073 978; x_wconf 90' lang='lat' dir='ltr'>lroc</span> <span class='ocrx_word' id='word_1_18' title='bbox 1088 935 1141 976; x_wconf 93' lang='lat' dir='ltr'>non</span> <span class='ocrx_word' id='word_1_19' title='bbox 1153 918 1197 974; x_wconf 93' lang='lat' dir='ltr'>di·</span> 
     </span>
     <span class='ocr_line' id='line_1_4' title="bbox 396 1007 1197 1090; baseline -0.021 -12"><span class='ocrx_word' id='word_1_20' title='bbox 396 1036 488 1080; x_wconf 85' lang='lat' dir='ltr'>cetur.</span> <span class='ocrx_word' id='word_1_21' title='bbox 511 1022 578 1078; x_wconf 87' lang='lat' dir='ltr'>Nam</span> <span class='ocrx_word' id='word_1_22' title='bbox 599 1022 626 1076; x_wconf 92' lang='lat' dir='ltr'>in</span> <span class='ocrx_word' id='word_1_23' title='bbox 645 1021 686 1074; x_wconf 90' lang='lat' dir='ltr'>lris</span> <span class='ocrx_word' id='word_1_24' title='bbox 698 1020 742 1090; x_wconf 88' lang='lat' dir='ltr'>qui</span> <span class='ocrx_word' id='word_1_25' title='bbox 756 1034 809 1074; x_wconf 93' lang='lat' dir='ltr'>nou</span> <span class='ocrx_word' id='word_1_26' title='bbox 824 1022 1030 1088; x_wconf 73' lang='lat' dir='ltr'>regenerantur,</span> <span class='ocrx_word' id='word_1_27' title='bbox 1045 1011 1141 1067; x_wconf 89' lang='lat' dir='ltr'>merito</span> <span class='ocrx_word' id='word_1_28' title='bbox 1154 1007 1197 1063; x_wconf 91' lang='lat' dir='ltr'>di·</span> 
     </span>
     <span class='ocr_line' id='line_1_5' title="bbox 402 1097 1196 1184; baseline -0.018 -18"><span class='ocrx_word' id='word_1_29' title='bbox 402 1117 490 1179; x_wconf 85' lang='lat' dir='ltr'>‹·itur;</span> <span class='ocrx_word' id='word_1_30' title='bbox 510 1113 634 1184; x_wconf 82' lang='lat' dir='ltr'>qnoniam</span> <span class='ocrx_word' id='word_1_31' title='bbox 654 1126 707 1166; x_wconf 93' lang='lat' dir='ltr'>nnn</span> <span class='ocrx_word' id='word_1_32' title='bbox 727 1119 791 1166; x_wconf 86' lang='lat' dir='ltr'>sunt</span> <span class='ocrx_word' id='word_1_33' title='bbox 814 1108 909 1172; x_wconf 75' lang='lat' dir='ltr'>bruel,</span> <span class='ocrx_word' id='word_1_34' title='bbox 928 1104 1074 1161; x_wconf 89' lang='lat' dir='ltr'>seeundum</span> <span class='ocrx_word' id='word_1_35' title='bbox 1088 1101 1113 1157; x_wconf 88' lang='lat' dir='ltr'>id</span> <span class='ocrx_word' id='word_1_36' title='bbox 1127 1097 1196 1170; x_wconf 78' lang='lat' dir='ltr'>guod</span> 
     </span>
     <span class='ocr_line' id='line_1_6' title="bbox 402 1191 1199 1270; baseline -0.015 -15"><span class='ocrx_word' id='word_1_37' title='bbox 402 1206 441 1259; x_wconf 90' lang='lat' dir='ltr'>ait</span> <span class='ocrx_word' id='word_1_38' title='bbox 460 1202 493 1259; x_wconf 89' lang='lat' dir='ltr'>ad</span> <span class='ocrx_word' id='word_1_39' title='bbox 516 1204 650 1258; x_wconf 81' lang='lat' dir='ltr'>ltomenos</span> <span class='ocrx_word' id='word_1_40' title='bbox 669 1200 829 1270; x_wconf 74' lang='lat' dir='ltr'><strong>Apostolus,</strong></span> <span class='ocrx_word' id='word_1_41' title='bbox 849 1197 910 1252; x_wconf 85' lang='lat' dir='ltr'>Neu</span> <span class='ocrx_word' id='word_1_42' title='bbox 928 1197 994 1252; x_wconf 82' lang='lat' dir='ltr'>eninr</span> <span class='ocrx_word' id='word_1_43' title='bbox 1011 1210 1096 1248; x_wconf 84' lang='lat' dir='ltr'>omnes</span> <span class='ocrx_word' id='word_1_44' title='bbox 1110 1191 1153 1260; x_wconf 81' lang='lat' dir='ltr'>qni</span> <span class='ocrx_word' id='word_1_45' title='bbox 1166 1204 1199 1244; x_wconf 75' lang='lat' dir='ltr'>ra</span> 
     </span>
     <span class='ocr_line' id='line_1_7' title="bbox 407 1279 1197 1358; baseline -0.022 -9"><span class='ocrx_word' id='word_1_46' title='bbox 407 1293 506 1358; x_wconf 85' lang='lat' dir='ltr'>lsrael,</span> <span class='ocrx_word' id='word_1_47' title='bbox 528 1293 555 1346; x_wconf 77' lang='lat' dir='ltr'>iri</span> <span class='ocrx_word' id='word_1_48' title='bbox 572 1301 631 1347; x_wconf 87' lang='lat' dir='ltr'>snut</span> <span class='ocrx_word' id='word_1_49' title='bbox 642 1289 726 1346; x_wconf 84' lang='lat' dir='ltr'>lsrael</span> <span class='ocrx_word' id='word_1_50' title='bbox 740 1306 750 1345; x_wconf 92' lang='grc'>.·</span> <span class='ocrx_word' id='word_1_51' title='bbox 764 1290 807 1344; x_wconf 92' lang='lat' dir='ltr'>ubi</span> <span class='ocrx_word' id='word_1_52' title='bbox 820 1290 878 1344; x_wconf 88' lang='lat' dir='ltr'>siue</span> <span class='ocrx_word' id='word_1_53' title='bbox 892 1287 973 1341; x_wconf 85' lang='lat' dir='ltr'>dnbio</span> <span class='ocrx_word' id='word_1_54' title='bbox 987 1284 1057 1339; x_wconf 85' lang='lat' dir='ltr'>lilios</span> <span class='ocrx_word' id='word_1_55' title='bbox 1072 1282 1132 1337; x_wconf 85' lang='lat' dir='ltr'>notri</span> <span class='ocrx_word' id='word_1_56' title='bbox 1145 1279 1197 1333; x_wconf 87' lang='lat' dir='ltr'>&#39;le-</span> 
     </span>
     <span class='ocr_line' id='line_1_8' title="bbox 331 1370 1199 1448; baseline -0.014 -12"><span class='ocrx_word' id='word_1_57' title='bbox 331 1378 336 1385; x_wconf 83' lang='lat'>&#39;</span> <span class='ocrx_word' id='word_1_58' title='bbox 407 1383 551 1448; x_wconf 86' lang='lat' dir='ltr'>stameuti,</span> <span class='ocrx_word' id='word_1_59' title='bbox 571 1381 623 1437; x_wconf 88' lang='lat' dir='ltr'>boc</span> <span class='ocrx_word' id='word_1_60' title='bbox 637 1390 679 1436; x_wconf 89' lang='lat' dir='ltr'>est</span> <span class='ocrx_word' id='word_1_61' title='bbox 699 1381 767 1435; x_wconf 83' lang='lat' dir='ltr'>lrlios</span> <span class='ocrx_word' id='word_1_62' title='bbox 783 1377 987 1448; x_wconf 85' lang='lat' dir='ltr'>promissionis,</span> <span class='ocrx_word' id='word_1_63' title='bbox 1000 1374 1106 1428; x_wconf 78' lang='lat' dir='ltr'>volebat</span> <span class='ocrx_word' id='word_1_64' title='bbox 1120 1370 1199 1425; x_wconf 91' lang='lat' dir='ltr'>iutel-</span> 
     </span>
     <span class='ocr_line' id='line_1_9' title="bbox 412 1461 1202 1544; baseline -0.018 -16"><span class='ocrx_word' id='word_1_65' title='bbox 412 1474 458 1544; x_wconf 90' lang='lat' dir='ltr'>igi.</span> <span class='ocrx_word' id='word_1_66' title='bbox 476 1472 601 1543; x_wconf 86' lang='lat' dir='ltr'>benique</span> <span class='ocrx_word' id='word_1_67' title='bbox 613 1472 733 1543; x_wconf 78' lang='lat' dir='ltr'>seqnitur</span> <span class='ocrx_word' id='word_1_68' title='bbox 747 1489 754 1524; x_wconf 96' lang='lat'><strong>:</strong></span> <span class='ocrx_word' id='word_1_69' title='bbox 769 1469 822 1525; x_wconf 83' lang='lat' dir='ltr'>Sed</span> <span class='ocrx_word' id='word_1_70' title='bbox 834 1469 862 1523; x_wconf 90' lang='lat' dir='ltr'>irt</span> <span class='ocrx_word' id='word_1_71' title='bbox 874 1466 951 1523; x_wconf 83' lang='lat' dir='ltr'>lsuor</span> <span class='ocrx_word' id='word_1_72' title='bbox 963 1463 1091 1520; x_wconf 79' lang='lat' dir='ltr'>nocebitur</span> <span class='ocrx_word' id='word_1_73' title='bbox 1103 1461 1147 1516; x_wconf 87' lang='lat' dir='ltr'>tibi</span> <span class='ocrx_word' id='word_1_74' title='bbox 1161 1477 1202 1515; x_wconf 84' lang='lat' dir='ltr'>re·</span> 
     </span>
     <span class='ocr_line' id='line_1_10' title="bbox 408 1549 1198 1631; baseline -0.02 -13"><span class='ocrx_word' id='word_1_75' title='bbox 408 1581 464 1618; x_wconf 88' lang='grc' dir='ltr'><strong>ιιιειι</strong></span> <span class='ocrx_word' id='word_1_76' title='bbox 476 1579 486 1624; x_wconf 85' lang='grc'>.·</span> <span class='ocrx_word' id='word_1_77' title='bbox 499 1562 546 1617; x_wconf 81' lang='lat' dir='ltr'>lter</span> <span class='ocrx_word' id='word_1_78' title='bbox 559 1570 609 1628; x_wconf 83' lang='lat' dir='ltr'>cst,</span> <span class='ocrx_word' id='word_1_79' title='bbox 623 1578 675 1617; x_wconf 87' lang='lat' dir='ltr'>nort</span> <span class='ocrx_word' id='word_1_80' title='bbox 689 1561 732 1631; x_wconf 83' lang='lat' dir='ltr'>qtrr&#39;</span> <span class='ocrx_word' id='word_1_81' title='bbox 744 1560 792 1629; x_wconf 74' lang='lat' dir='ltr'>ptri</span> <span class='ocrx_word' id='word_1_82' title='bbox 804 1558 905 1625; x_wconf 79' lang='lat' dir='ltr'>corula,</span> <span class='ocrx_word' id='word_1_83' title='bbox 920 1557 947 1611; x_wconf 84' lang='lat' dir='ltr'>ln&#39;</span> <span class='ocrx_word' id='word_1_84' title='bbox 961 1556 1008 1626; x_wconf 70' lang='lat' dir='ltr'>piri</span> <span class='ocrx_word' id='word_1_85' title='bbox 1022 1553 1079 1619; x_wconf 77' lang='lat' dir='ltr'>net,</span> <span class='ocrx_word' id='word_1_86' title='bbox 1092 1551 1136 1605; x_wconf 87' lang='lat' dir='ltr'>scd</span> <span class='ocrx_word' id='word_1_87' title='bbox 1150 1549 1198 1618; x_wconf 70' lang='lat' dir='ltr'>lilii</span> 
     </span>
     <span class='ocr_line' id='line_1_11' title="bbox 410 1642 1139 1729; baseline -0.021 -19"><span class='ocrx_word' id='word_1_88' title='bbox 410 1655 582 1729; x_wconf 74' lang='lat' dir='ltr'>promissionis</span> <span class='ocrx_word' id='word_1_89' title='bbox 596 1654 749 1724; x_wconf 78' lang='lat' dir='ltr'>deputentnr</span> <span class='ocrx_word' id='word_1_90' title='bbox 762 1652 788 1705; x_wconf 79' lang='grc' dir='ltr'><strong>ιι</strong></span> <span class='ocrx_word' id='word_1_91' title='bbox 801 1650 894 1706; x_wconf 83' lang='lat' dir='ltr'>terniue</span> <span class='ocrx_word' id='word_1_92' title='bbox 908 1647 998 1720; x_wconf 83' lang='lat' dir='ltr'>(llam.</span> <span class='ocrx_word' id='word_1_93' title='bbox 1011 1661 1055 1707; x_wconf 80' lang='lat' dir='ltr'>rx,</span> <span class='ocrx_word' id='word_1_94' title='bbox 1069 1645 1086 1699; x_wconf 85' lang='grc'><strong>6</strong></span> <span class='ocrx_word' id='word_1_95' title='bbox 1101 1642 1139 1714; x_wconf 90' lang='grc'>8).</span> 
     </span>
    </p>

    <p class='ocr_par' dir='ltr' id='par_1_3' title="bbox 410 1732 1207 2444">
     <span class='ocr_line' id='line_1_12' title="bbox 444 1732 1203 1812; baseline -0.017 -13"><span class='ocrx_word' id='word_1_96' title='bbox 444 1744 523 1799; x_wconf 81' lang='lat' dir='ltr'>xttt.</span> <span class='ocrx_word' id='word_1_97' title='bbox 546 1741 606 1799; x_wconf 78' lang='lat' dir='ltr'>lor..</span> <span class='ocrx_word' id='word_1_98' title='bbox 627 1741 695 1812; x_wconf 82' lang='lat' dir='ltr'>Quid</span> <span class='ocrx_word' id='word_1_99' title='bbox 718 1750 762 1798; x_wconf 84' lang='grc' dir='ltr'>εει</span> <span class='ocrx_word' id='word_1_100' title='bbox 782 1741 851 1805; x_wconf 84' lang='lat' dir='ltr'>boc,</span> <span class='ocrx_word' id='word_1_101' title='bbox 876 1737 991 1809; x_wconf 79' lang='lat' dir='ltr'>Amplius</span> <span class='ocrx_word' id='word_1_102' title='bbox 1012 1751 1064 1789; x_wconf 92' lang='lat' dir='ltr'>non</span> <span class='ocrx_word' id='word_1_103' title='bbox 1079 1732 1203 1786; x_wconf 78' lang='lat' dir='ltr'>dicetur:</span> 
     </span>
     <span class='ocr_line' id='line_1_13' title="bbox 411 1820 1204 1902; baseline -0.016 -13"><span class='ocrx_word' id='word_1_104' title='bbox 411 1849 471 1889; x_wconf 80' lang='lat' dir='ltr'>orm</span> <span class='ocrx_word' id='word_1_105' title='bbox 493 1833 544 1896; x_wconf 78' lang='lat' dir='ltr'>lanc</span> <span class='ocrx_word' id='word_1_106' title='bbox 565 1847 648 1902; x_wconf 82' lang='lat' dir='ltr'>nsuue</span> <span class='ocrx_word' id='word_1_107' title='bbox 664 1831 742 1886; x_wconf 90' lang='lat' dir='ltr'>lrodie</span> <span class='ocrx_word' id='word_1_108' title='bbox 755 1830 835 1884; x_wconf 89' lang='lat' dir='ltr'>tantis</span> <span class='ocrx_word' id='word_1_109' title='bbox 847 1827 1051 1882; x_wconf 89' lang='lat' dir='ltr'>llaniclueorum</span> <span class='ocrx_word' id='word_1_110' title='bbox 1065 1820 1204 1877; x_wconf 90' lang='lat' dir='ltr'>conatibus</span> 
     </span>
     <span class='ocr_line' id='line_1_14' title="bbox 412 1914 1203 1991; baseline -0.016 -15"><span class='ocrx_word' id='word_1_111' title='bbox 412 1923 566 1978; x_wconf 76' lang='lat' dir='ltr'>asseratur?</span> <span class='ocrx_word' id='word_1_112' title='bbox 586 1922 638 1978; x_wconf 74' lang='lat' dir='ltr'>sed</span> <span class='ocrx_word' id='word_1_113' title='bbox 654 1921 706 1976; x_wconf 87' lang='lat' dir='ltr'>ltoc</span> <span class='ocrx_word' id='word_1_114' title='bbox 719 1932 760 1976; x_wconf 92' lang='lat' dir='ltr'>est</span> <span class='ocrx_word' id='word_1_115' title='bbox 773 1918 843 1991; x_wconf 83' lang='lat' dir='ltr'>quod</span> <span class='ocrx_word' id='word_1_116' title='bbox 857 1917 971 1979; x_wconf 89' lang='lat' dir='ltr'>iudicat,</span> <span class='ocrx_word' id='word_1_117' title='bbox 986 1914 1110 1984; x_wconf 77' lang='lat' dir='ltr'>quoniam</span> <span class='ocrx_word' id='word_1_118' title='bbox 1123 1925 1203 1965; x_wconf 87' lang='lat' dir='ltr'>nemo</span> 
     </span>
     <span class='ocr_line' id='line_1_15' title="bbox 410 1997 1206 2085; baseline -0.013 -21"><span class='ocrx_word' id='word_1_119' title='bbox 410 2016 454 2082; x_wconf 69' lang='lat' dir='ltr'>«pri</span> <span class='ocrx_word' id='word_1_120' title='bbox 469 2024 511 2070; x_wconf 89' lang='lat' dir='ltr'>est</span> <span class='ocrx_word' id='word_1_121' title='bbox 522 2015 556 2069; x_wconf 90' lang='lat' dir='ltr'>de</span> <span class='ocrx_word' id='word_1_122' title='bbox 569 2013 668 2085; x_wconf 91' lang='lat' dir='ltr'>populo</span> <span class='ocrx_word' id='word_1_123' title='bbox 682 2011 779 2075; x_wconf 91' lang='lat' dir='ltr'>lsrael,</span> <span class='ocrx_word' id='word_1_124' title='bbox 794 2010 836 2066; x_wconf 84' lang='lat' dir='ltr'>rel</span> <span class='ocrx_word' id='word_1_125' title='bbox 850 2009 895 2079; x_wconf 82' lang='lat' dir='ltr'>qni</span> <span class='ocrx_word' id='word_1_126' title='bbox 909 2007 988 2077; x_wconf 87' lang='lat' dir='ltr'>lrnjus</span> <span class='ocrx_word' id='word_1_127' title='bbox 1001 1997 1145 2074; x_wconf 79' lang='lat' dir='ltr'>Script&#39;rrrre</span> <span class='ocrx_word' id='word_1_128' title='bbox 1158 2016 1206 2055; x_wconf 92' lang='lat' dir='ltr'>an·</span> 
     </span>
     <span class='ocr_line' id='line_1_16' title="bbox 410 2089 1205 2172; baseline -0.015 -15"><span class='ocrx_word' id='word_1_129' title='bbox 410 2105 559 2158; x_wconf 84' lang='lat' dir='ltr'>cnuirareur</span> <span class='ocrx_word' id='word_1_130' title='bbox 572 2103 699 2172; x_wconf 88' lang='lat' dir='ltr'>suscipit,</span> <span class='ocrx_word' id='word_1_131' title='bbox 715 2109 776 2171; x_wconf 89' lang='lat' dir='ltr'>post</span> <span class='ocrx_word' id='word_1_132' title='bbox 786 2098 966 2156; x_wconf 83' lang='lat' dir='ltr'>denuttiouen</span> <span class='ocrx_word' id='word_1_133' title='bbox 979 2109 1065 2149; x_wconf 86' lang='lat' dir='ltr'>meant</span> <span class='ocrx_word' id='word_1_134' title='bbox 1080 2094 1131 2147; x_wconf 84' lang='lat' dir='ltr'>talc</span> <span class='ocrx_word' id='word_1_135' title='bbox 1142 2089 1205 2161; x_wconf 79' lang='lat' dir='ltr'>qrrid</span> 
     </span>
     <span class='ocr_line' id='line_1_17' title="bbox 412 2181 1206 2256; baseline -0.015 -10"><span class='ocrx_word' id='word_1_136' title='bbox 412 2194 519 2249; x_wconf 90' lang='lat' dir='ltr'>audebit</span> <span class='ocrx_word' id='word_1_137' title='bbox 540 2194 684 2249; x_wconf 79' lang='lat' dir='ltr'>accredere</span> <span class='ocrx_word' id='word_1_138' title='bbox 709 2194 728 2247; x_wconf 89' lang='lat'>¹.</span> <span class='ocrx_word' id='word_1_139' title='bbox 752 2192 835 2246; x_wconf 84' lang='lat' dir='ltr'>Porro</span> <span class='ocrx_word' id='word_1_140' title='bbox 858 2189 945 2244; x_wconf 87' lang='lat' dir='ltr'>onrnis</span> <span class='ocrx_word' id='word_1_141' title='bbox 967 2187 1011 2256; x_wconf 84' lang='lat' dir='ltr'>qui</span> <span class='ocrx_word' id='word_1_142' title='bbox 1034 2186 1060 2240; x_wconf 94' lang='lat' dir='ltr'>in</span> <span class='ocrx_word' id='word_1_143' title='bbox 1081 2184 1125 2238; x_wconf 89' lang='lat' dir='ltr'>illa</span> <span class='ocrx_word' id='word_1_144' title='bbox 1146 2181 1206 2251; x_wconf 83' lang='lat' dir='ltr'>opi-</span> 
     </span>
     <span class='ocr_line' id='line_1_18' title="bbox 414 2273 1207 2355; baseline -0.014 -19"><span class='ocrx_word' id='word_1_145' title='bbox 414 2287 494 2338; x_wconf 89' lang='lat' dir='ltr'>uioue</span> <span class='ocrx_word' id='word_1_146' title='bbox 513 2285 676 2355; x_wconf 81' lang='lat' dir='ltr'>perstiterit,</span> <span class='ocrx_word' id='word_1_147' title='bbox 697 2296 746 2338; x_wconf 90' lang='lat' dir='ltr'>nec</span> <span class='ocrx_word' id='word_1_148' title='bbox 765 2281 808 2335; x_wconf 88' lang='lat' dir='ltr'>lris</span> <span class='ocrx_word' id='word_1_149' title='bbox 827 2279 919 2335; x_wconf 88' lang='lat' dir='ltr'>obedit</span> <span class='ocrx_word' id='word_1_150' title='bbox 936 2277 1054 2343; x_wconf 73' lang='lat' dir='ltr'>Litteris,</span> <span class='ocrx_word' id='word_1_151' title='bbox 1071 2288 1120 2328; x_wconf 80' lang='lat' dir='ltr'>um:</span> <span class='ocrx_word' id='word_1_152' title='bbox 1134 2273 1160 2327; x_wconf 92' lang='lat' dir='ltr'>in</span> <span class='ocrx_word' id='word_1_153' title='bbox 1174 2285 1207 2326; x_wconf 89' lang='lat' dir='ltr'>eo</span> 
     </span>
     <span class='ocr_line' id='line_1_19' title="bbox 414 2368 940 2444; baseline -0.011 -18"><span class='ocrx_word' id='word_1_154' title='bbox 414 2375 458 2444; x_wconf 78' lang='lat' dir='ltr'>uui</span> <span class='ocrx_word' id='word_1_155' title='bbox 472 2384 513 2427; x_wconf 91' lang='lat' dir='ltr'>cst</span> <span class='ocrx_word' id='word_1_156' title='bbox 525 2387 603 2428; x_wconf 84' lang='lat' dir='ltr'>serus</span> <span class='ocrx_word' id='word_1_157' title='bbox 618 2372 698 2428; x_wconf 89' lang='lat' dir='ltr'>lsrael</span> <span class='ocrx_word' id='word_1_158' title='bbox 712 2368 940 2424; x_wconf 77' lang='lat' dir='ltr'>annumerabitur.</span> 
     </span>
    </p>

    <p class='ocr_par' dir='ltr' id='par_1_4' title="bbox 416 2452 1216 3894">
     <span class='ocr_line' id='line_1_20' title="bbox 451 2452 1208 2532; baseline -0.013 -15"><span class='ocrx_word' id='word_1_159' title='bbox 451 2465 518 2520; x_wconf 82' lang='lat' dir='ltr'>Auo.</span> <span class='ocrx_word' id='word_1_160' title='bbox 540 2462 568 2519; x_wconf 83' lang='lat' dir='ltr'>si</span> <span class='ocrx_word' id='word_1_161' title='bbox 591 2477 655 2532; x_wconf 88' lang='lat' dir='ltr'>ergo</span> <span class='ocrx_word' id='word_1_162' title='bbox 674 2469 733 2531; x_wconf 91' lang='lat' dir='ltr'>post</span> <span class='ocrx_word' id='word_1_163' title='bbox 747 2459 928 2514; x_wconf 82' lang='lat' dir='ltr'>definitionem</span> <span class='ocrx_word' id='word_1_164' title='bbox 942 2471 1017 2511; x_wconf 84' lang='lat' dir='ltr'>suurn</span> <span class='ocrx_word' id='word_1_165' title='bbox 1030 2456 1087 2510; x_wconf 86' lang='lat' dir='ltr'>rnlt</span> <span class='ocrx_word' id='word_1_166' title='bbox 1098 2452 1208 2523; x_wconf 71' lang='lat' dir='ltr'>intelligi</span> 
     </span>
     <span class='ocr_line' id='line_1_21' title="bbox 416 2545 1210 2620; baseline -0.016 -10"><span class='ocrx_word' id='word_1_167' title='bbox 416 2556 486 2610; x_wconf 86' lang='lat' dir='ltr'>licus</span> <span class='ocrx_word' id='word_1_168' title='bbox 499 2554 550 2610; x_wconf 88' lang='lat' dir='ltr'>ltoc</span> <span class='ocrx_word' id='word_1_169' title='bbox 563 2554 696 2609; x_wconf 86' lang='lat' dir='ltr'>neminem</span> <span class='ocrx_word' id='word_1_170' title='bbox 710 2551 872 2608; x_wconf 88' lang='lat' dir='ltr'>crediturum</span> <span class='ocrx_word' id='word_1_171' title='bbox 884 2566 892 2616; x_wconf 89' lang='lat'>;</span> <span class='ocrx_word' id='word_1_172' title='bbox 906 2545 1077 2620; x_wconf 72' lang='lat' dir='ltr'>quaerendum</span> <span class='ocrx_word' id='word_1_173' title='bbox 1090 2552 1147 2611; x_wconf 90' lang='lat' dir='ltr'>cst,</span> <span class='ocrx_word' id='word_1_174' title='bbox 1161 2558 1210 2599; x_wconf 91' lang='lat' dir='ltr'>cur</span> 
     </span>
     <span class='ocr_line' id='line_1_22' title="bbox 416 2643 1209 2716; baseline -0.019 -12"><span class='ocrx_word' id='word_1_175' title='bbox 416 2656 479 2704; x_wconf 87' lang='lat' dir='ltr'>arrte</span> <span class='ocrx_word' id='word_1_176' title='bbox 502 2647 570 2702; x_wconf 88' lang='lat' dir='ltr'>lraue</span> <span class='ocrx_word' id='word_1_177' title='bbox 592 2662 646 2702; x_wconf 92' lang='lat' dir='ltr'>uon</span> <span class='ocrx_word' id='word_1_178' title='bbox 660 2644 781 2716; x_wconf 84' lang='lat' dir='ltr'>improbe</span> <span class='ocrx_word' id='word_1_179' title='bbox 793 2643 968 2705; x_wconf 79' lang='lat' dir='ltr'>credebatur,</span> <span class='ocrx_word' id='word_1_180' title='bbox 984 2647 1089 2709; x_wconf 81' lang='lat' dir='ltr'>peccata</span> <span class='ocrx_word' id='word_1_181' title='bbox 1106 2645 1209 2708; x_wconf 90' lang='lat' dir='ltr'>patrum</span> 
     </span>
     <span class='ocr_line' id='line_1_23' title="bbox 416 2730 1209 2797; baseline -0.016 -5"><span class='ocrx_word' id='word_1_182' title='bbox 416 2738 495 2793; x_wconf 91' lang='lat' dir='ltr'>etiarn</span> <span class='ocrx_word' id='word_1_183' title='bbox 516 2737 543 2791; x_wconf 94' lang='lat' dir='ltr'>iu</span> <span class='ocrx_word' id='word_1_184' title='bbox 564 2736 634 2792; x_wconf 86' lang='lat' dir='ltr'>lrlios</span> <span class='ocrx_word' id='word_1_185' title='bbox 654 2749 715 2790; x_wconf 87' lang='grc' dir='ltr'><strong>εεεε</strong></span> <span class='ocrx_word' id='word_1_186' title='bbox 733 2731 878 2789; x_wconf 89' lang='lat' dir='ltr'>reddenda.</span> <span class='ocrx_word' id='word_1_187' title='bbox 897 2732 931 2786; x_wconf 85' lang='lat' dir='ltr'>Et</span> <span class='ocrx_word' id='word_1_188' title='bbox 944 2730 968 2784; x_wconf 88' lang='lat' dir='ltr'>si</span> <span class='ocrx_word' id='word_1_189' title='bbox 981 2731 1047 2783; x_wconf 90' lang='lat' dir='ltr'>bene</span> <span class='ocrx_word' id='word_1_190' title='bbox 1060 2736 1209 2797; x_wconf 72' lang='lat' dir='ltr'>quaeratur,</span> 
     </span>
     <span class='ocr_line' id='line_1_24' title="bbox 417 2818 1209 2896; baseline -0.014 -14"><span class='ocrx_word' id='word_1_191' title='bbox 417 2827 568 2883; x_wconf 77' lang='lat' dir='ltr'>inuenietur</span> <span class='ocrx_word' id='word_1_192' title='bbox 588 2833 699 2896; x_wconf 87' lang='lat' dir='ltr'>propter</span> <span class='ocrx_word' id='word_1_193' title='bbox 718 2822 860 2878; x_wconf 84' lang='lat' dir='ltr'>obnoxiam</span> <span class='ocrx_word' id='word_1_194' title='bbox 880 2820 1078 2892; x_wconf 77' lang='lat' dir='ltr'>generationem</span> <span class='ocrx_word' id='word_1_195' title='bbox 1091 2818 1209 2883; x_wconf 91' lang='lat' dir='ltr'>dietum,</span> 
     </span>
     <span class='ocr_line' id='line_1_25' title="bbox 419 2909 1211 2985; baseline -0.013 -14"><span class='ocrx_word' id='word_1_196' title='bbox 419 2916 535 2973; x_wconf 87' lang='lat' dir='ltr'>lleddum</span> <span class='ocrx_word' id='word_1_197' title='bbox 548 2924 651 2984; x_wconf 79' lang='lat' dir='ltr'>peccatu</span> <span class='ocrx_word' id='word_1_198' title='bbox 665 2925 766 2985; x_wconf 86' lang='lat' dir='ltr'>parrum</span> <span class='ocrx_word' id='word_1_199' title='bbox 777 2913 805 2967; x_wconf 86' lang='lat' dir='ltr'>itt</span> <span class='ocrx_word' id='word_1_200' title='bbox 817 2913 893 2981; x_wconf 82' lang='lat' dir='ltr'>filies.</span> <span class='ocrx_word' id='word_1_201' title='bbox 907 2909 982 2966; x_wconf 89' lang='lat' dir='ltr'>Unde</span> <span class='ocrx_word' id='word_1_202' title='bbox 993 2917 1083 2963; x_wconf 89' lang='lat' dir='ltr'>natum</span> <span class='ocrx_word' id='word_1_203' title='bbox 1094 2917 1135 2963; x_wconf 90' lang='lat' dir='ltr'>cst</span> <span class='ocrx_word' id='word_1_204' title='bbox 1148 2923 1211 2978; x_wconf 89' lang='lat' dir='ltr'>pre-</span> 
     </span>
     <span class='ocr_line' id='line_1_26' title="bbox 419 3000 1212 3070; baseline -0.011 -10"><span class='ocrx_word' id='word_1_205' title='bbox 419 3008 539 3063; x_wconf 85' lang='lat' dir='ltr'>rerbium</span> <span class='ocrx_word' id='word_1_206' title='bbox 562 3005 627 3062; x_wconf 90' lang='lat' dir='ltr'>illud</span> <span class='ocrx_word' id='word_1_207' title='bbox 648 3006 682 3061; x_wconf 93' lang='lat' dir='ltr'>dc</span> <span class='ocrx_word' id='word_1_208' title='bbox 697 3005 754 3060; x_wconf 87' lang='lat' dir='ltr'>uris</span> <span class='ocrx_word' id='word_1_209' title='bbox 768 3003 882 3059; x_wconf 89' lang='lat' dir='ltr'>acerbis.</span> <span class='ocrx_word' id='word_1_210' title='bbox 898 3002 1010 3070; x_wconf 85' lang='lat' dir='ltr'>Propter</span> <span class='ocrx_word' id='word_1_211' title='bbox 1025 3000 1134 3054; x_wconf 87' lang='lat' dir='ltr'>liberant</span> <span class='ocrx_word' id='word_1_212' title='bbox 1148 3012 1212 3053; x_wconf 86' lang='lat' dir='ltr'>rere</span> 
     </span>
     <span class='ocr_line' id='line_1_27' title="bbox 420 3091 1211 3168; baseline -0.014 -15"><span class='ocrx_word' id='word_1_213' title='bbox 420 3099 650 3168; x_wconf 85' lang='lat' dir='ltr'>regenerationem</span> <span class='ocrx_word' id='word_1_214' title='bbox 665 3096 826 3166; x_wconf 90' lang='lat' dir='ltr'>promissum</span> <span class='ocrx_word' id='word_1_215' title='bbox 841 3101 883 3148; x_wconf 89' lang='lat' dir='ltr'>est</span> <span class='ocrx_word' id='word_1_216' title='bbox 894 3091 1093 3148; x_wconf 84' lang='lat' dir='ltr'>Testamentum</span> <span class='ocrx_word' id='word_1_217' title='bbox 1103 3104 1211 3157; x_wconf 86' lang='lat' dir='ltr'>uorum,</span> 
     </span>
     <span class='ocr_line' id='line_1_28' title="bbox 420 3177 1212 3257; baseline -0.013 -15"><span class='ocrx_word' id='word_1_218' title='bbox 420 3190 465 3243; x_wconf 91' lang='lat' dir='ltr'>nbi</span> <span class='ocrx_word' id='word_1_219' title='bbox 489 3189 541 3243; x_wconf 90' lang='lat' dir='ltr'>iroc</span> <span class='ocrx_word' id='word_1_220' title='bbox 559 3188 674 3257; x_wconf 85' lang='lat' dir='ltr'>arnplius</span> <span class='ocrx_word' id='word_1_221' title='bbox 694 3201 748 3241; x_wconf 91' lang='lat' dir='ltr'>non</span> <span class='ocrx_word' id='word_1_222' title='bbox 766 3184 871 3239; x_wconf 89' lang='lat' dir='ltr'>dicatur</span> <span class='ocrx_word' id='word_1_223' title='bbox 884 3200 891 3236; x_wconf 77' lang='grc' dir='ltr'>ι</span> <span class='ocrx_word' id='word_1_224' title='bbox 904 3181 964 3251; x_wconf 80' lang='lat' dir='ltr'>qnia</span> <span class='ocrx_word' id='word_1_225' title='bbox 991 3179 1139 3235; x_wconf 75' lang='lat' dir='ltr'>hereditati</span> <span class='ocrx_word' id='word_1_226' title='bbox 1163 3177 1212 3233; x_wconf 91' lang='lat' dir='ltr'>da-</span> 
     </span>
     <span class='ocr_line' id='line_1_29' title="bbox 421 3271 1215 3349; baseline -0.014 -15"><span class='ocrx_word' id='word_1_227' title='bbox 421 3277 704 3349; x_wconf 77' lang='lat' dir='ltr'>runnsrcquauneuitex</span> <span class='ocrx_word' id='word_1_228' title='bbox 716 3275 812 3340; x_wconf 77' lang='lat' dir='ltr'>Adam,</span> <span class='ocrx_word' id='word_1_229' title='bbox 825 3289 873 3344; x_wconf 89' lang='lat' dir='ltr'>per</span> <span class='ocrx_word' id='word_1_230' title='bbox 883 3271 981 3328; x_wconf 84' lang='lat' dir='ltr'>Clrristi</span> <span class='ocrx_word' id='word_1_231' title='bbox 993 3271 1104 3341; x_wconf 84' lang='lat' dir='ltr'>gratiam</span> <span class='ocrx_word' id='word_1_232' title='bbox 1116 3283 1215 3324; x_wconf 87' lang='lat' dir='ltr'>renuu-</span> 
     </span>
     <span class='ocr_line' id='line_1_30' title="bbox 422 3361 1214 3438; baseline -0.01 -14"><span class='ocrx_word' id='word_1_233' title='bbox 422 3371 520 3435; x_wconf 88' lang='lat' dir='ltr'>riatur,</span> <span class='ocrx_word' id='word_1_234' title='bbox 540 3367 647 3438; x_wconf 87' lang='lat' dir='ltr'>quando</span> <span class='ocrx_word' id='word_1_235' title='bbox 667 3366 834 3423; x_wconf 90' lang='lat' dir='ltr'>renuntiatur</span> <span class='ocrx_word' id='word_1_236' title='bbox 846 3363 908 3418; x_wconf 87' lang='lat' dir='ltr'>lruic</span> <span class='ocrx_word' id='word_1_237' title='bbox 920 3363 1030 3427; x_wconf 78' lang='lat' dir='ltr'>seculo,</span> <span class='ocrx_word' id='word_1_238' title='bbox 1046 3361 1090 3415; x_wconf 94' lang='lat' dir='ltr'>ubi</span> <span class='ocrx_word' id='word_1_239' title='bbox 1104 3374 1214 3416; x_wconf 89' lang='lat' dir='ltr'>necesse</span> 
     </span>
     <span class='ocr_line' id='line_1_31' title="bbox 421 3454 1213 3531; baseline -0.011 -14"><span class='ocrx_word' id='word_1_240' title='bbox 421 3471 463 3517; x_wconf 88' lang='grc' dir='ltr'>εει</span> <span class='ocrx_word' id='word_1_241' title='bbox 478 3460 560 3530; x_wconf 89' lang='lat' dir='ltr'>premi</span> <span class='ocrx_word' id='word_1_242' title='bbox 573 3459 638 3531; x_wconf 82' lang='lat' dir='ltr'>jugo</span> <span class='ocrx_word' id='word_1_243' title='bbox 649 3459 723 3530; x_wconf 87' lang='lat' dir='ltr'>graui</span> <span class='ocrx_word' id='word_1_244' title='bbox 738 3457 808 3512; x_wconf 92' lang='lat' dir='ltr'>lilios</span> <span class='ocrx_word' id='word_1_245' title='bbox 820 3457 920 3523; x_wconf 77' lang='lat' dir='ltr'>ddarn,</span> <span class='ocrx_word' id='word_1_246' title='bbox 933 3470 986 3511; x_wconf 91' lang='lat' dir='ltr'>non</span> <span class='ocrx_word' id='word_1_247' title='bbox 999 3455 1089 3525; x_wconf 79' lang='lat' dir='ltr'>utiqne‘</span> <span class='ocrx_word' id='word_1_248' title='bbox 1100 3454 1213 3525; x_wconf 76' lang='lat' dir='ltr'>injuste,</span> 
     </span>
     <span class='ocr_line' id='line_1_32' title="bbox 422 3545 1213 3616; baseline -0.008 -10"><span class='ocrx_word' id='word_1_249' title='bbox 422 3569 437 3606; x_wconf 88' lang='lat' dir='ltr'>a</span> <span class='ocrx_word' id='word_1_250' title='bbox 458 3551 503 3609; x_wconf 88' lang='lat' dir='ltr'>die</span> <span class='ocrx_word' id='word_1_251' title='bbox 523 3551 611 3608; x_wconf 82' lang='lat' dir='ltr'>exitus</span> <span class='ocrx_word' id='word_1_252' title='bbox 624 3551 764 3607; x_wconf 76' lang='lat' dir='ltr'>devenire</span> <span class='ocrx_word' id='word_1_253' title='bbox 779 3548 871 3603; x_wconf 89' lang='lat' dir='ltr'>matris</span> <span class='ocrx_word' id='word_1_254' title='bbox 883 3563 992 3613; x_wconf 89' lang='lat' dir='ltr'>eorum,</span> <span class='ocrx_word' id='word_1_255' title='bbox 1005 3561 1089 3616; x_wconf 81' lang='lat' dir='ltr'>usque</span> <span class='ocrx_word' id='word_1_256' title='bbox 1102 3547 1128 3600; x_wconf 93' lang='lat' dir='ltr'>in</span> <span class='ocrx_word' id='word_1_257' title='bbox 1142 3545 1213 3601; x_wconf 90' lang='lat' dir='ltr'>diem</span> 
     </span>
     <span class='ocr_line' id='line_1_33' title="bbox 423 3633 1215 3714; baseline -0.013 -14"><span class='ocrx_word' id='word_1_258' title='bbox 423 3643 568 3714; x_wconf 87' lang='lat' dir='ltr'>sepulturae</span> <span class='ocrx_word' id='word_1_259' title='bbox 588 3641 615 3696; x_wconf 93' lang='lat' dir='ltr'>iu</span> <span class='ocrx_word' id='word_1_260' title='bbox 637 3650 750 3696; x_wconf 87' lang='lat' dir='ltr'>matrem</span> <span class='ocrx_word' id='word_1_261' title='bbox 769 3639 887 3694; x_wconf 91' lang='lat' dir='ltr'>omniurn</span> <span class='ocrx_word' id='word_1_262' title='bbox 903 3635 998 3707; x_wconf 81' lang='lat' dir='ltr'>(Ereti.</span> <span class='ocrx_word' id='word_1_263' title='bbox 1014 3651 1064 3700; x_wconf 82' lang='lat' dir='ltr'>xa,</span> <span class='ocrx_word' id='word_1_264' title='bbox 1081 3634 1106 3706; x_wconf 92' lang='lat' dir='ltr'>l)</span> <span class='ocrx_word' id='word_1_265' title='bbox 1124 3633 1215 3690; x_wconf 87' lang='lat' dir='ltr'>:uude</span> 
     </span>
     <span class='ocr_line' id='line_1_34' title="bbox 423 3725 1216 3802; baseline -0.009 -16"><span class='ocrx_word' id='word_1_266' title='bbox 423 3747 500 3788; x_wconf 87' lang='lat' dir='ltr'>sacra</span> <span class='ocrx_word' id='word_1_267' title='bbox 524 3732 664 3802; x_wconf 77' lang='lat' dir='ltr'>mysteria,</span> <span class='ocrx_word' id='word_1_268' title='bbox 685 3730 764 3786; x_wconf 90' lang='lat' dir='ltr'>etiarn</span> <span class='ocrx_word' id='word_1_269' title='bbox 781 3728 896 3800; x_wconf 82' lang='lat' dir='ltr'>paruulis</span> <span class='ocrx_word' id='word_1_270' title='bbox 910 3726 1138 3791; x_wconf 79' lang='lat' dir='ltr'>renuntiantibus,</span> <span class='ocrx_word' id='word_1_271' title='bbox 1151 3725 1216 3781; x_wconf 83' lang='lat' dir='ltr'>saris</span> 
     </span>
     <span class='ocr_line' id='line_1_35' title="bbox 423 3821 761 3894; baseline -0.015 -16"><span class='ocrx_word' id='word_1_272' title='bbox 423 3823 486 3894; x_wconf 81' lang='lat' dir='ltr'>guid</span> <span class='ocrx_word' id='word_1_273' title='bbox 501 3830 594 3892; x_wconf 88' lang='lat' dir='ltr'>agatur</span> <span class='ocrx_word' id='word_1_274' title='bbox 607 3821 761 3878; x_wconf 88' lang='lat' dir='ltr'>ostendunt.</span> 
     </span>
    </p>

    <p class='ocr_par' dir='ltr' id='par_1_5' title="bbox 424 3909 1220 4786">
     <span class='ocr_line' id='line_1_36' title="bbox 460 3909 1216 3984; baseline -0.011 -14"><span class='ocrx_word' id='word_1_275' title='bbox 460 3914 551 3970; x_wconf 84' lang='lat' dir='ltr'>llLlll.</span> <span class='ocrx_word' id='word_1_276' title='bbox 570 3914 631 3971; x_wconf 82' lang='lat' dir='ltr'>lou.</span> <span class='ocrx_word' id='word_1_277' title='bbox 650 3913 794 3984; x_wconf 80' lang='lat' dir='ltr'>Postrpram</span> <span class='ocrx_word' id='word_1_278' title='bbox 814 3910 947 3981; x_wconf 77' lang='lat' dir='ltr'>parabole</span> <span class='ocrx_word' id='word_1_279' title='bbox 960 3909 1030 3965; x_wconf 89' lang='lat' dir='ltr'>illius</span> <span class='ocrx_word' id='word_1_280' title='bbox 1043 3909 1159 3964; x_wconf 80' lang='lat' dir='ltr'>vanimte</span> <span class='ocrx_word' id='word_1_281' title='bbox 1172 3922 1216 3963; x_wconf 92' lang='lat' dir='ltr'>rc-</span> 
     </span>
     <span class='ocr_line' id='line_1_37' title="bbox 425 3990 1218 4078; baseline -0.008 -16"><span class='ocrx_word' id='word_1_282' title='bbox 425 4006 582 4078; x_wconf 74' lang='lat' dir='ltr'>prebcnsa‚</span> <span class='ocrx_word' id='word_1_283' title='bbox 605 4005 694 4063; x_wconf 83' lang='lat' dir='ltr'>sunsit</span> <span class='ocrx_word' id='word_1_284' title='bbox 717 4003 875 4060; x_wconf 85' lang='lat' dir='ltr'>sententiaro</span> <span class='ocrx_word' id='word_1_285' title='bbox 902 3990 1113 4072; x_wconf 82' lang='lat' dir='ltr'>promulgatione</span> <span class='ocrx_word' id='word_1_286' title='bbox 1138 4009 1218 4070; x_wconf 81' lang='lat' dir='ltr'>atque</span> 
     </span>
     <span class='ocr_line' id='line_1_38' title="bbox 424 4090 1219 4161; baseline -0.014 -8"><span class='ocrx_word' id='word_1_287' title='bbox 424 4097 602 4153; x_wconf 86' lang='lat' dir='ltr'>obtestatione</span> <span class='ocrx_word' id='word_1_288' title='bbox 618 4094 727 4161; x_wconf 80' lang='lat' dir='ltr'>dirius,</span> <span class='ocrx_word' id='word_1_289' title='bbox 742 4095 822 4148; x_wconf 87' lang='lat' dir='ltr'>etiam</span> <span class='ocrx_word' id='word_1_290' title='bbox 833 4091 941 4161; x_wconf 82' lang='lat' dir='ltr'>jnstitin</span> <span class='ocrx_word' id='word_1_291' title='bbox 954 4106 1010 4146; x_wconf 73' lang='lat' dir='ltr'>sure</span> <span class='ocrx_word' id='word_1_292' title='bbox 1021 4090 1144 4161; x_wconf 89' lang='lat' dir='ltr'>dignatur</span> <span class='ocrx_word' id='word_1_293' title='bbox 1155 4103 1219 4161; x_wconf 87' lang='lat' dir='ltr'>epe-</span> 
     </span>
     <span class='ocr_line' id='line_1_39' title="bbox 425 4182 1219 4253; baseline -0.006 -11"><span class='ocrx_word' id='word_1_294' title='bbox 425 4188 479 4244; x_wconf 91' lang='lat' dir='ltr'>rire</span> <span class='ocrx_word' id='word_1_295' title='bbox 489 4187 630 4251; x_wconf 77' lang='lat' dir='ltr'>rabonem,</span> <span class='ocrx_word' id='word_1_296' title='bbox 641 4200 690 4242; x_wconf 89' lang='lat' dir='ltr'>cnr</span> <span class='ocrx_word' id='word_1_297' title='bbox 700 4183 910 4240; x_wconf 87' lang='lat' dir='ltr'>necessitudines</span> <span class='ocrx_word' id='word_1_298' title='bbox 919 4182 1034 4253; x_wconf 83' lang='lat' dir='ltr'>peccatis</span> <span class='ocrx_word' id='word_1_299' title='bbox 1044 4196 1097 4235; x_wconf 94' lang='lat' dir='ltr'>non</span> <span class='ocrx_word' id='word_1_300' title='bbox 1107 4194 1219 4252; x_wconf 85' lang='lat' dir='ltr'>gmren·</span> 
     </span>
     <span class='ocr_line' id='line_1_40' title="bbox 426 4273 1220 4342; baseline -0.008 -10"><span class='ocrx_word' id='word_1_301' title='bbox 426 4287 469 4332; x_wconf 90' lang='lat' dir='ltr'>tur</span> <span class='ocrx_word' id='word_1_302' title='bbox 491 4276 625 4332; x_wconf 75' lang='lat' dir='ltr'>alienis’.</span> <span class='ocrx_word' id='word_1_303' title='bbox 650 4275 776 4342; x_wconf 82' lang='lat' dir='ltr'>Quoniam</span> <span class='ocrx_word' id='word_1_304' title='bbox 796 4290 881 4329; x_wconf 78' lang='lat' dir='ltr'>omnes</span> <span class='ocrx_word' id='word_1_305' title='bbox 899 4274 1009 4339; x_wconf 79' lang='lat' dir='ltr'>uuitnoe,</span> <span class='ocrx_word' id='word_1_306' title='bbox 1033 4273 1135 4342; x_wconf 78' lang='lat' dir='ltr'>ingruit,</span> <span class='ocrx_word' id='word_1_307' title='bbox 1157 4286 1220 4326; x_wconf 72' lang='lat' dir='ltr'>rnen</span> 
     </span>
     <span class='ocr_line' id='line_1_41' title="bbox 426 4363 1218 4440; baseline -0.009 -16"><span class='ocrx_word' id='word_1_308' title='bbox 426 4379 483 4424; x_wconf 87' lang='lat' dir='ltr'>snut</span> <span class='ocrx_word' id='word_1_309' title='bbox 492 4385 503 4435; x_wconf 90' lang='lat'>,·</span> <span class='ocrx_word' id='word_1_310' title='bbox 521 4368 730 4440; x_wconf 79' lang='lat' dir='ltr'>gnnnndntednnt</span> <span class='ocrx_word' id='word_1_311' title='bbox 749 4368 835 4422; x_wconf 84' lang='lat' dir='ltr'>attinnt</span> <span class='ocrx_word' id='word_1_312' title='bbox 854 4367 950 4439; x_wconf 80' lang='lat' dir='ltr'>petris,</span> <span class='ocrx_word' id='word_1_313' title='bbox 966 4367 1003 4419; x_wconf 81' lang='lat' dir='ltr'>ite</span> <span class='ocrx_word' id='word_1_314' title='bbox 1015 4374 1040 4420; x_wconf 88' lang='grc' dir='ltr'>ει</span> <span class='ocrx_word' id='word_1_315' title='bbox 1051 4365 1137 4418; x_wconf 86' lang='lat' dir='ltr'>animo</span> <span class='ocrx_word' id='word_1_316' title='bbox 1151 4363 1218 4434; x_wconf 76' lang='lat' dir='ltr'>prii,</span> 
     </span>
     <span class='ocr_line' id='line_1_42' title="bbox 426 4455 1219 4526; baseline -0.009 -10"><span class='ocrx_word' id='word_1_317' title='bbox 426 4475 511 4516; x_wconf 82' lang='lat' dir='ltr'>ornnes</span> <span class='ocrx_word' id='word_1_318' title='bbox 533 4461 626 4515; x_wconf 84' lang='lat' dir='ltr'>nuiruoe</span> <span class='ocrx_word' id='word_1_319' title='bbox 643 4473 705 4513; x_wconf 81' lang='lat' dir='ltr'>mete</span> <span class='ocrx_word' id='word_1_320' title='bbox 727 4467 786 4512; x_wconf 75' lang='lat' dir='ltr'>trent</span> <span class='ocrx_word' id='word_1_321' title='bbox 809 4472 821 4512; x_wconf 89' lang='lat'>.·</span> <span class='ocrx_word' id='word_1_322' title='bbox 847 4457 932 4511; x_wconf 81' lang='lat' dir='ltr'>eninm</span> <span class='ocrx_word' id='word_1_323' title='bbox 957 4470 1014 4526; x_wconf 80' lang='lat' dir='ltr'>gnte</span> <span class='ocrx_word' id='word_1_324' title='bbox 1037 4462 1140 4525; x_wconf 82' lang='lat' dir='ltr'>peccat,</span> <span class='ocrx_word' id='word_1_325' title='bbox 1162 4455 1219 4525; x_wconf 83' lang='lat' dir='ltr'>ipra</span> 
     </span>
     <span class='ocr_line' id='line_1_43' title="bbox 428 4545 1220 4616; baseline -0.004 -13"><span class='ocrx_word' id='word_1_326' title='bbox 428 4550 557 4604; x_wconf 82' lang='lat' dir='ltr'>trierietnr.</span> <span class='ocrx_word' id='word_1_327' title='bbox 591 4549 678 4616; x_wconf 82' lang='lat' dir='ltr'>Quare</span> <span class='ocrx_word' id='word_1_328' title='bbox 706 4561 771 4616; x_wconf 88' lang='lat' dir='ltr'>ergo</span> <span class='ocrx_word' id='word_1_329' title='bbox 800 4555 872 4600; x_wconf 88' lang='lat' dir='ltr'>esset</span> <span class='ocrx_word' id='word_1_330' title='bbox 901 4545 1051 4614; x_wconf 81' lang='lat' dir='ltr'>aequissima</span> <span class='ocrx_word' id='word_1_331' title='bbox 1080 4545 1220 4600; x_wconf 71' lang='lat' dir='ltr'>sententiae</span> 
     </span>
     <span class='ocr_line' id='line_1_44' title="bbox 429 4634 1219 4707; baseline -0.005 -13"><span class='ocrx_word' id='word_1_332' title='bbox 429 4641 479 4694; x_wconf 84' lang='lat' dir='ltr'>ista</span> <span class='ocrx_word' id='word_1_333' title='bbox 504 4637 675 4705; x_wconf 83' lang='lat' dir='ltr'>moderatio,</span> <span class='ocrx_word' id='word_1_334' title='bbox 703 4637 865 4707; x_wconf 84' lang='lat' dir='ltr'>proprietate</span> <span class='ocrx_word' id='word_1_335' title='bbox 891 4649 996 4706; x_wconf 82' lang='lat' dir='ltr'>quoque</span> <span class='ocrx_word' id='word_1_336' title='bbox 1021 4634 1136 4691; x_wconf 86' lang='lat' dir='ltr'>ostendit</span> <span class='ocrx_word' id='word_1_337' title='bbox 1161 4636 1219 4690; x_wconf 82' lang='lat' dir='ltr'>sni·</span> 
     </span>
     <span class='ocr_line' id='line_1_45' title="bbox 429 4745 542 4786; baseline -0.027 -1"><span class='ocrx_word' id='word_1_338' title='bbox 429 4745 542 4786; x_wconf 88' lang='lat' dir='ltr'>rrnrrum.</span> 
     </span>
    </p>

    <p class='ocr_par' dir='ltr' id='par_1_6' title="bbox 430 4814 1223 5251">
     <span class='ocr_line' id='line_1_46' title="bbox 465 4814 1221 4888; baseline -0.005 -14"><span class='ocrx_word' id='word_1_339' title='bbox 465 4821 534 4877; x_wconf 80' lang='lat' dir='ltr'>Ano·</span> <span class='ocrx_word' id='word_1_340' title='bbox 558 4818 611 4875; x_wconf 82' lang='lat' dir='ltr'>leta</span> <span class='ocrx_word' id='word_1_341' title='bbox 633 4818 783 4888; x_wconf 88' lang='lat' dir='ltr'>proprietas</span> <span class='ocrx_word' id='word_1_342' title='bbox 804 4816 952 4872; x_wconf 88' lang='lat' dir='ltr'>animarum</span> <span class='ocrx_word' id='word_1_343' title='bbox 974 4814 1007 4870; x_wconf 93' lang='lat' dir='ltr'>ad</span> <span class='ocrx_word' id='word_1_344' title='bbox 1028 4816 1095 4869; x_wconf 85' lang='lat' dir='ltr'>ritas</span> <span class='ocrx_word' id='word_1_345' title='bbox 1107 4815 1221 4886; x_wconf 88' lang='lat' dir='ltr'>pertinet</span> 
     </span>
     <span class='ocr_line' id='line_1_47' title="bbox 430 4906 1219 4980; baseline -0.005 -16"><span class='ocrx_word' id='word_1_346' title='bbox 430 4916 576 4980; x_wconf 82' lang='lat' dir='ltr'>separatas.</span> <span class='ocrx_word' id='word_1_347' title='bbox 592 4907 650 4963; x_wconf 84' lang='lat' dir='ltr'>lion</span> <span class='ocrx_word' id='word_1_348' title='bbox 662 4907 732 4963; x_wconf 92' lang='lat' dir='ltr'>euim</span> <span class='ocrx_word' id='word_1_349' title='bbox 747 4907 850 4963; x_wconf 85' lang='lat' dir='ltr'>renasci</span> <span class='ocrx_word' id='word_1_350' title='bbox 861 4906 956 4978; x_wconf 87' lang='lat' dir='ltr'>aliquis</span> <span class='ocrx_word' id='word_1_351' title='bbox 969 4907 1018 4961; x_wconf 89' lang='lat' dir='ltr'>uisi</span> <span class='ocrx_word' id='word_1_352' title='bbox 1032 4915 1109 4960; x_wconf 88' lang='lat' dir='ltr'>nutus</span> <span class='ocrx_word' id='word_1_353' title='bbox 1123 4914 1219 4976; x_wconf 89' lang='lat' dir='ltr'>potest.</span> 
     </span>
     <span class='ocr_line' id='line_1_48' title="bbox 430 4995 1222 5067; baseline -0.004 -13"><span class='ocrx_word' id='word_1_354' title='bbox 430 5001 520 5067; x_wconf 77' lang='lat' dir='ltr'>Quare</span> <span class='ocrx_word' id='word_1_355' title='bbox 537 5007 625 5054; x_wconf 89' lang='lat' dir='ltr'>autern</span> <span class='ocrx_word' id='word_1_356' title='bbox 638 4997 784 5054; x_wconf 89' lang='lat' dir='ltr'>decimatos</span> <span class='ocrx_word' id='word_1_357' title='bbox 795 5007 837 5054; x_wconf 88' lang='lat' dir='ltr'>cst</span> <span class='ocrx_word' id='word_1_358' title='bbox 848 4997 913 5053; x_wconf 82' lang='lat' dir='ltr'>beri</span> <span class='ocrx_word' id='word_1_359' title='bbox 927 5012 987 5052; x_wconf 90' lang='lat' dir='ltr'>curn</span> <span class='ocrx_word' id='word_1_360' title='bbox 1000 5006 1071 5053; x_wconf 89' lang='lat' dir='ltr'>essct</span> <span class='ocrx_word' id='word_1_361' title='bbox 1082 4998 1108 5052; x_wconf 90' lang='lat' dir='ltr'>in</span> <span class='ocrx_word' id='word_1_362' title='bbox 1124 4995 1222 5052; x_wconf 87' lang='lat' dir='ltr'>lumbis</span> 
     </span>
     <span class='ocr_line' id='line_1_49' title="bbox 431 5088 1223 5159; baseline -0.004 -13"><span class='ocrx_word' id='word_1_363' title='bbox 431 5090 563 5156; x_wconf 75' lang='lat' dir='ltr'>abraba,</span> <span class='ocrx_word' id='word_1_364' title='bbox 581 5088 632 5143; x_wconf 92' lang='lat' dir='ltr'>uisi</span> <span class='ocrx_word' id='word_1_365' title='bbox 644 5088 706 5158; x_wconf 87' lang='lat' dir='ltr'>quia</span> <span class='ocrx_word' id='word_1_366' title='bbox 718 5088 836 5144; x_wconf 89' lang='lat' dir='ltr'>nundum</span> <span class='ocrx_word' id='word_1_367' title='bbox 850 5089 878 5145; x_wconf 90' lang='lat' dir='ltr'>in</span> <span class='ocrx_word' id='word_1_368' title='bbox 890 5088 930 5145; x_wconf 89' lang='lat' dir='ltr'>cis</span> <span class='ocrx_word' id='word_1_369' title='bbox 942 5089 1029 5144; x_wconf 87' lang='lat' dir='ltr'>luerat</span> <span class='ocrx_word' id='word_1_370' title='bbox 1041 5103 1149 5145; x_wconf 87' lang='lat' dir='ltr'>suarum</span> <span class='ocrx_word' id='word_1_371' title='bbox 1161 5101 1223 5159; x_wconf 90' lang='lat' dir='ltr'>pro·</span> 
     </span>
     <span class='ocr_line' id='line_1_50' title="bbox 432 5177 712 5251; baseline -0.004 -17"><span class='ocrx_word' id='word_1_372' title='bbox 432 5181 530 5251; x_wconf 81' lang='lat' dir='ltr'>prietes</span> <span class='ocrx_word' id='word_1_373' title='bbox 542 5181 690 5237; x_wconf 83' lang='lat' dir='ltr'>animarum</span> <span class='ocrx_word' id='word_1_374' title='bbox 700 5177 712 5233; x_wconf 86' lang='lat' dir='ltr'>i</span> 
     </span>
    </p>

    <p class='ocr_par' dir='ltr' id='par_1_7' title="bbox 432 5252 1242 5797">
     <span class='ocr_line' id='line_1_51' title="bbox 468 5252 1225 5342; baseline -0.005 -14"><span class='ocrx_word' id='word_1_375' title='bbox 468 5272 559 5328; x_wconf 79' lang='lat' dir='ltr'>xstv.</span> <span class='ocrx_word' id='word_1_376' title='bbox 575 5273 634 5328; x_wconf 82' lang='lat' dir='ltr'>lut.</span> <span class='ocrx_word' id='word_1_377' title='bbox 650 5272 716 5328; x_wconf 88' lang='lat' dir='ltr'>Cum</span> <span class='ocrx_word' id='word_1_378' title='bbox 727 5271 816 5330; x_wconf 86' lang='lat' dir='ltr'>anima</span> <span class='ocrx_word' id='word_1_379' title='bbox 828 5313 836 5341; x_wconf 93' lang='lat'>,</span> <span class='ocrx_word' id='word_1_380' title='bbox 848 5271 952 5342; x_wconf 83' lang='lat' dir='ltr'>inquit,</span> <span class='ocrx_word' id='word_1_381' title='bbox 967 5252 1049 5341; x_wconf 79' lang='lat' dir='ltr'>putris</span> <span class='ocrx_word' id='word_1_382' title='bbox 1061 5286 1119 5327; x_wconf 89' lang='lat' dir='ltr'>mea</span> <span class='ocrx_word' id='word_1_383' title='bbox 1131 5271 1183 5338; x_wconf 91' lang='lat' dir='ltr'>sit,</span> <span class='ocrx_word' id='word_1_384' title='bbox 1195 5278 1225 5326; x_wconf 95' lang='grc' dir='ltr'>ει</span> 
     </span>
     <span class='ocr_line' id='line_1_52' title="bbox 432 5360 1222 5438; baseline -0.005 -20"><span class='ocrx_word' id='word_1_385' title='bbox 432 5363 519 5418; x_wconf 83' lang='grc' dir='ltr'><strong>ιιιιίιιιι</strong></span> <span class='ocrx_word' id='word_1_386' title='bbox 545 5364 590 5418; x_wconf 86' lang='lat' dir='ltr'>lrtii</span> <span class='ocrx_word' id='word_1_387' title='bbox 609 5379 668 5420; x_wconf 90' lang='lat' dir='ltr'>mea</span> <span class='ocrx_word' id='word_1_388' title='bbox 688 5365 724 5420; x_wconf 88' lang='lat' dir='ltr'>sit</span> <span class='ocrx_word' id='word_1_389' title='bbox 744 5363 807 5438; x_wconf 86' lang='lat' dir='ltr'>(qun</span> <span class='ocrx_word' id='word_1_390' title='bbox 822 5361 990 5427; x_wconf 86' lang='lat' dir='ltr'>testimonio,</span> <span class='ocrx_word' id='word_1_391' title='bbox 1003 5362 1134 5416; x_wconf 90' lang='lat' dir='ltr'>utmultis</span> <span class='ocrx_word' id='word_1_392' title='bbox 1146 5360 1222 5426; x_wconf 85' lang='lat' dir='ltr'>aliis,</span> 
     </span>
     <span class='ocr_line' id='line_1_53' title="bbox 433 5451 1224 5527; baseline -0.003 -20"><span class='ocrx_word' id='word_1_393' title='bbox 433 5453 565 5527; x_wconf 75' lang='lat' dir='ltr'>docetur,</span> <span class='ocrx_word' id='word_1_394' title='bbox 579 5454 694 5508; x_wconf 87' lang='lat' dir='ltr'>anirnaut</span> <span class='ocrx_word' id='word_1_395' title='bbox 709 5454 774 5510; x_wconf 89' lang='lat' dir='ltr'>nibil</span> <span class='ocrx_word' id='word_1_396' title='bbox 786 5454 885 5510; x_wconf 85' lang='lat' dir='ltr'>debere</span> <span class='ocrx_word' id='word_1_397' title='bbox 898 5453 1054 5518; x_wconf 88' lang='lat' dir='ltr'>seminibus,</span> <span class='ocrx_word' id='word_1_398' title='bbox 1065 5466 1143 5523; x_wconf 87' lang='lat' dir='ltr'>quarn</span> <span class='ocrx_word' id='word_1_399' title='bbox 1154 5451 1224 5506; x_wconf 88' lang='lat' dir='ltr'>bens</span> 
     </span>
     <span class='ocr_line' id='line_1_54' title="bbox 432 5542 1242 5618; baseline -0.01 -16"><span class='ocrx_word' id='word_1_400' title='bbox 432 5545 487 5618; x_wconf 77' lang='lat' dir='ltr'>juri</span> <span class='ocrx_word' id='word_1_401' title='bbox 511 5559 560 5600; x_wconf 88' lang='lat' dir='ltr'>sun</span> <span class='ocrx_word' id='word_1_402' title='bbox 581 5542 729 5616; x_wconf 77' lang='lat' dir='ltr'>rindiea&#39;t);</span> <span class='ocrx_word' id='word_1_403' title='bbox 752 5545 970 5616; x_wconf 74' lang='lat' dir='ltr'>irriguissimum,</span> <span class='ocrx_word' id='word_1_404' title='bbox 994 5543 1100 5613; x_wconf 86' lang='lat' dir='ltr'>inquit,</span> <span class='ocrx_word' id='word_1_405' title='bbox 1120 5550 1149 5596; x_wconf 89' lang='lat' dir='ltr'>et</span> <span class='ocrx_word' id='word_1_406' title='bbox 1169 5550 1242 5596; x_wconf 92' lang='lat' dir='ltr'>stn-·</span> 
     </span>
     <span class='ocr_line' id='line_1_55' title="bbox 434 5633 1223 5704; baseline -0.006 -13"><span class='ocrx_word' id='word_1_407' title='bbox 434 5637 517 5691; x_wconf 90' lang='lat' dir='ltr'>lidum</span> <span class='ocrx_word' id='word_1_408' title='bbox 544 5641 604 5700; x_wconf 91' lang='lat' dir='ltr'>est,</span> <span class='ocrx_word' id='word_1_409' title='bbox 631 5641 661 5688; x_wconf 90' lang='lat' dir='ltr'>ut</span> <span class='ocrx_word' id='word_1_410' title='bbox 682 5649 741 5689; x_wconf 92' lang='lat' dir='ltr'>mea</span> <span class='ocrx_word' id='word_1_411' title='bbox 766 5650 824 5704; x_wconf 89' lang='lat' dir='ltr'>res,</span> <span class='ocrx_word' id='word_1_412' title='bbox 850 5650 909 5690; x_wconf 88' lang='lat' dir='ltr'>mea</span> <span class='ocrx_word' id='word_1_413' title='bbox 933 5634 1020 5704; x_wconf 88' lang='lat' dir='ltr'>irnage</span> <span class='ocrx_word' id='word_1_414' title='bbox 1043 5633 1137 5688; x_wconf 89' lang='lat' dir='ltr'>alienis</span> <span class='ocrx_word' id='word_1_415' title='bbox 1159 5647 1223 5702; x_wconf 87' lang='lat' dir='ltr'>gra·</span> 
     </span>
     <span class='ocr_line' id='line_1_56' title="bbox 436 5725 661 5797; baseline -0.004 -18"><span class='ocrx_word' id='word_1_416' title='bbox 436 5736 512 5782; x_wconf 85' lang='lat' dir='ltr'>retur</span> <span class='ocrx_word' id='word_1_417' title='bbox 526 5725 661 5797; x_wconf 88' lang='lat' dir='ltr'>operibns.</span> 
     </span>
    </p>

    <p class='ocr_par' dir='ltr' id='par_1_8' title="bbox 436 5815 1226 5976">
     <span class='ocr_line' id='line_1_57' title="bbox 470 5815 1225 5889; baseline -0.007 -16"><span class='ocrx_word' id='word_1_418' title='bbox 470 5819 537 5874; x_wconf 78' lang='lat' dir='ltr'>Aur.</span> <span class='ocrx_word' id='word_1_419' title='bbox 555 5817 670 5889; x_wconf 79' lang='lat' dir='ltr'>Separas</span> <span class='ocrx_word' id='word_1_420' title='bbox 682 5829 747 5885; x_wconf 89' lang='lat' dir='ltr'>ergo</span> <span class='ocrx_word' id='word_1_421' title='bbox 759 5829 867 5869; x_wconf 82' lang='lat' dir='ltr'>curnem</span> <span class='ocrx_word' id='word_1_422' title='bbox 881 5829 896 5868; x_wconf 90' lang='lat' dir='ltr'>a</span> <span class='ocrx_word' id='word_1_423' title='bbox 907 5815 967 5884; x_wconf 87' lang='lat' dir='ltr'>jure</span> <span class='ocrx_word' id='word_1_424' title='bbox 980 5815 1026 5870; x_wconf 87' lang='lat' dir='ltr'>bei</span> <span class='ocrx_word' id='word_1_425' title='bbox 1037 5856 1044 5882; x_wconf 95' lang='lat'>,</span> <span class='ocrx_word' id='word_1_426' title='bbox 1057 5829 1135 5884; x_wconf 79' lang='lat' dir='ltr'>orrern</span> <span class='ocrx_word' id='word_1_427' title='bbox 1148 5821 1225 5884; x_wconf 85' lang='lat' dir='ltr'>putas</span> 
     </span>
     <span class='ocr_line' id='line_1_58' title="bbox 436 5903 1226 5976; baseline -0.006 -14"><span class='ocrx_word' id='word_1_428' title='bbox 436 5909 551 5963; x_wconf 90' lang='lat' dir='ltr'>animaru</span> <span class='ocrx_word' id='word_1_429' title='bbox 574 5908 657 5963; x_wconf 86' lang='lat' dir='ltr'>selant</span> <span class='ocrx_word' id='word_1_430' title='bbox 678 5906 729 5976; x_wconf 89' lang='lat' dir='ltr'>juri</span> <span class='ocrx_word' id='word_1_431' title='bbox 754 5904 861 5975; x_wconf 90' lang='lat' dir='ltr'>proprio</span> <span class='ocrx_word' id='word_1_432' title='bbox 881 5905 1014 5961; x_wconf 80' lang='lat' dir='ltr'>tinrlieare</span> <span class='ocrx_word' id='word_1_433' title='bbox 1027 5922 1034 5971; x_wconf 87' lang='lat'>;</span> <span class='ocrx_word' id='word_1_434' title='bbox 1048 5915 1073 5959; x_wconf 93' lang='lat' dir='ltr'>et</span> <span class='ocrx_word' id='word_1_435' title='bbox 1088 5903 1184 5959; x_wconf 90' lang='lat' dir='ltr'>oblitus</span> <span class='ocrx_word' id='word_1_436' title='bbox 1196 5917 1226 5959; x_wconf 92' lang='lat' dir='ltr'>cs</span> 
     </span>
    </p>
   </div>
   <div class='ocr_carea' id='block_1_3' title="bbox 468 6080 1110 6199">
    <p class='ocr_par' dir='ltr' id='par_1_9' title="bbox 468 6080 1110 6199">
     <span class='ocr_line' id='line_1_59' title="bbox 470 6080 1110 6147; baseline 0.003 -16"><span class='ocrx_word' id='word_1_437' title='bbox 470 6081 528 6131; x_wconf 86' lang='lat' dir='ltr'>¹sle</span> <span class='ocrx_word' id='word_1_438' title='bbox 538 6088 583 6131; x_wconf 81' lang='lat' dir='ltr'>tter</span> <span class='ocrx_word' id='word_1_439' title='bbox 604 6090 629 6132; x_wconf 87' lang='grc' dir='ltr'>ιι</span> <span class='ocrx_word' id='word_1_440' title='bbox 643 6082 717 6134; x_wconf 90' lang='lat' dir='ltr'>editio</span> <span class='ocrx_word' id='word_1_441' title='bbox 729 6081 842 6147; x_wconf 71' lang='lat' dir='ltr'>t‘ignierii</span> <span class='ocrx_word' id='word_1_442' title='bbox 860 6081 943 6144; x_wconf 86' lang='lat' dir='ltr'>prima,</span> <span class='ocrx_word' id='word_1_443' title='bbox 957 6095 986 6131; x_wconf 89' lang='lat' dir='ltr'>uc</span> <span class='ocrx_word' id='word_1_444' title='bbox 998 6080 1110 6133; x_wconf 82' lang='lat' dir='ltr'>reddere.</span> 
     </span>
     <span class='ocr_line' id='line_1_60' title="bbox 468 6141 1033 6199; baseline 0.004 -7"><span class='ocrx_word' id='word_1_445' title='bbox 468 6141 481 6176; x_wconf 85' lang='lat'><strong>¹</strong></span> <span class='ocrx_word' id='word_1_446' title='bbox 495 6146 561 6199; x_wconf 66' lang='grc' dir='ltr'><strong>Ιεε..</strong></span> <span class='ocrx_word' id='word_1_447' title='bbox 568 6143 674 6194; x_wconf 71' lang='lat' dir='ltr'>alternis.</span> <span class='ocrx_word' id='word_1_448' title='bbox 1028 6170 1033 6177; x_wconf 94' lang='lat'>·</span> 
     </span>
    </p>
   </div>
   <div class='ocr_carea' id='block_1_4' title="bbox 743 704 1692 780">
    <p class='ocr_par' dir='ltr' id='par_1_10' title="bbox 743 704 1692 780">
     <span class='ocr_line' id='line_1_61' title="bbox 743 704 1692 780; baseline -0.022 0"><span class='ocrx_word' id='word_1_449' title='bbox 743 721 863 780; x_wconf 75' lang='lat' dir='ltr'>orariis</span> <span class='ocrx_word' id='word_1_450' title='bbox 881 713 1085 775; x_wconf 73' lang='lat' dir='ltr'>tnranrtctt</span> <span class='ocrx_word' id='word_1_451' title='bbox 1104 707 1241 772; x_wconf 70' lang='lat' dir='ltr'>citarat</span> <span class='ocrx_word' id='word_1_452' title='bbox 1261 705 1440 770; x_wconf 78' lang='lat' dir='ltr'>sotianda,</span> <span class='ocrx_word' id='word_1_453' title='bbox 1460 705 1480 761; x_wconf 86' lang='lat' dir='ltr'>S</span> <span class='ocrx_word' id='word_1_454' title='bbox 1509 704 1692 761; x_wconf 69' lang='lat' dir='ltr'>incusatur</span> 
     </span>
    </p>
   </div>
   <div class='ocr_carea' id='block_1_5' title="bbox 1971 703 2042 761">
    <p class='ocr_par' dir='ltr' id='par_1_11' title="bbox 1971 703 2042 761">
     <span class='ocr_line' id='line_1_62' title="bbox 1971 703 2042 761; baseline 0.028 -2"><span class='ocrx_word' id='word_1_455' title='bbox 1971 703 2042 761; x_wconf 62' lang='lat' dir='ltr'>libb</span> 
     </span>
    </p>
   </div>
   <div class='ocr_carea' id='block_1_6' title="bbox 1249 819 2051 1989">
    <p class='ocr_par' dir='ltr' id='par_1_12' title="bbox 1249 819 2051 1989">
     <span class='ocr_line' id='line_1_63' title="bbox 1249 819 2041 894; baseline -0.003 -18"><span class='ocrx_word' id='word_1_456' title='bbox 1249 819 1319 894; x_wconf 76' lang='lat' dir='ltr'>qnod</span> <span class='ocrx_word' id='word_1_457' title='bbox 1341 822 1467 892; x_wconf 90' lang='lat' dir='ltr'>scripturn</span> <span class='ocrx_word' id='word_1_458' title='bbox 1487 828 1542 886; x_wconf 68' lang='lat' dir='ltr'>est,</span> <span class='ocrx_word' id='word_1_459' title='bbox 1566 819 1639 876; x_wconf 80' lang='lat' dir='ltr'>Sient</span> <span class='ocrx_word' id='word_1_460' title='bbox 1660 821 1725 874; x_wconf 89' lang='lat' dir='ltr'>enirn</span> <span class='ocrx_word' id='word_1_461' title='bbox 1740 819 1828 872; x_wconf 85' lang='lat' dir='ltr'>nrnlier</span> <span class='ocrx_word' id='word_1_462' title='bbox 1841 835 1872 873; x_wconf 77' lang='lat' dir='ltr'>ee</span> <span class='ocrx_word' id='word_1_463' title='bbox 1884 819 1952 886; x_wconf 86' lang='lat' dir='ltr'>rire,</span> <span class='ocrx_word' id='word_1_464' title='bbox 1965 819 2003 873; x_wconf 83' lang='lat' dir='ltr'>its</span> <span class='ocrx_word' id='word_1_465' title='bbox 2017 828 2041 874; x_wconf 87' lang='lat' dir='ltr'>et</span> 
     </span>
     <span class='ocr_line' id='line_1_64' title="bbox 1250 912 2042 985; baseline 0 -16"><span class='ocrx_word' id='word_1_466' title='bbox 1250 918 1287 970; x_wconf 86' lang='lat' dir='ltr'>nir</span> <span class='ocrx_word' id='word_1_467' title='bbox 1299 933 1342 985; x_wconf 85' lang='lat' dir='ltr'>per</span> <span class='ocrx_word' id='word_1_468' title='bbox 1355 915 1483 968; x_wconf 87' lang='lat' dir='ltr'>nrnlierent</span> <span class='ocrx_word' id='word_1_469' title='bbox 1494 931 1503 979; x_wconf 93' lang='lat'>,·</span> <span class='ocrx_word' id='word_1_470' title='bbox 1516 914 1600 968; x_wconf 82' lang='lat' dir='ltr'>niuniu</span> <span class='ocrx_word' id='word_1_471' title='bbox 1610 923 1691 967; x_wconf 85' lang='lat' dir='ltr'>autem</span> <span class='ocrx_word' id='word_1_472' title='bbox 1701 930 1732 967; x_wconf 78' lang='lat' dir='ltr'>aa</span> <span class='ocrx_word' id='word_1_473' title='bbox 1747 912 1799 966; x_wconf 77' lang='lat' dir='ltr'>neo</span> <span class='ocrx_word' id='word_1_474' title='bbox 1816 913 1836 984; x_wconf 89' lang='lat' dir='ltr'>(l</span> <span class='ocrx_word' id='word_1_475' title='bbox 1848 913 1906 968; x_wconf 83' lang='lat' dir='ltr'>Cer.</span> <span class='ocrx_word' id='word_1_476' title='bbox 1919 931 1960 978; x_wconf 76' lang='grc' dir='ltr'>ιι,</span> <span class='ocrx_word' id='word_1_477' title='bbox 1973 913 2042 983; x_wconf 64' lang='lat' dir='ltr'>sti?</span> 
     </span>
     <span class='ocr_line' id='line_1_65' title="bbox 1250 1004 2045 1075; baseline 0.001 -14"><span class='ocrx_word' id='word_1_478' title='bbox 1250 1006 1326 1075; x_wconf 81' lang='lat' dir='ltr'>Quod</span> <span class='ocrx_word' id='word_1_479' title='bbox 1343 1015 1422 1062; x_wconf 88' lang='lat' dir='ltr'>ecrte</span> <span class='ocrx_word' id='word_1_480' title='bbox 1442 1014 1488 1060; x_wconf 92' lang='lat' dir='ltr'>aut</span> <span class='ocrx_word' id='word_1_481' title='bbox 1509 1004 1653 1060; x_wconf 87' lang='lat' dir='ltr'>seeundum</span> <span class='ocrx_word' id='word_1_482' title='bbox 1675 1019 1782 1058; x_wconf 87' lang='lat' dir='ltr'>carnum</span> <span class='ocrx_word' id='word_1_483' title='bbox 1806 1005 1905 1060; x_wconf 90' lang='lat' dir='ltr'>dietum</span> <span class='ocrx_word' id='word_1_484' title='bbox 1926 1015 1984 1071; x_wconf 89' lang='lat' dir='ltr'>est,</span> <span class='ocrx_word' id='word_1_485' title='bbox 1998 1015 2045 1062; x_wconf 85' lang='lat' dir='ltr'>aut</span> 
     </span>
     <span class='ocr_line' id='line_1_66' title="bbox 1251 1096 2044 1165; baseline -0.001 -12"><span class='ocrx_word' id='word_1_486' title='bbox 1251 1096 1395 1153; x_wconf 90' lang='lat' dir='ltr'>secundum</span> <span class='ocrx_word' id='word_1_487' title='bbox 1416 1106 1576 1165; x_wconf 80' lang='lat' dir='ltr'>utrumque;</span> <span class='ocrx_word' id='word_1_488' title='bbox 1599 1103 1754 1150; x_wconf 86' lang='lat' dir='ltr'>nontamen</span> <span class='ocrx_word' id='word_1_489' title='bbox 1769 1096 1914 1150; x_wconf 89' lang='lat' dir='ltr'>secundum</span> <span class='ocrx_word' id='word_1_490' title='bbox 1927 1098 2044 1152; x_wconf 85' lang='lat' dir='ltr'>animam</span> 
     </span>
     <span class='ocr_line' id='line_1_67' title="bbox 1252 1186 2047 1260; baseline 0.001 -18"><span class='ocrx_word' id='word_1_491' title='bbox 1252 1189 1345 1243; x_wconf 87' lang='lat' dir='ltr'>solunt.</span> <span class='ocrx_word' id='word_1_492' title='bbox 1358 1187 1434 1256; x_wconf 82' lang='lat' dir='ltr'>Quod</span> <span class='ocrx_word' id='word_1_493' title='bbox 1447 1197 1535 1242; x_wconf 88' lang='lat' dir='ltr'>autern</span> <span class='ocrx_word' id='word_1_494' title='bbox 1549 1186 1595 1241; x_wconf 92' lang='lat' dir='ltr'>tibi</span> <span class='ocrx_word' id='word_1_495' title='bbox 1609 1187 1696 1253; x_wconf 89' lang='lat' dir='ltr'>placet</span> <span class='ocrx_word' id='word_1_496' title='bbox 1711 1194 1740 1240; x_wconf 92' lang='grc' dir='ltr'>ιιι</span> <span class='ocrx_word' id='word_1_497' title='bbox 1753 1186 1824 1240; x_wconf 78' lang='lat' dir='ltr'>dieat</span> <span class='ocrx_word' id='word_1_498' title='bbox 1836 1187 1921 1254; x_wconf 87' lang='lat' dir='ltr'>bens,</span> <span class='ocrx_word' id='word_1_499' title='bbox 1933 1186 2047 1260; x_wconf 61' lang='lat' dir='ltr'>iniquis</span> 
     </span>
     <span class='ocr_line' id='line_1_68' title="bbox 1252 1275 2047 1348; baseline 0 -14"><span class='ocrx_word' id='word_1_500' title='bbox 1252 1279 1342 1334; x_wconf 86' lang='lat' dir='ltr'>rr&#39;rnnrn</span> <span class='ocrx_word' id='word_1_501' title='bbox 1360 1288 1384 1332; x_wconf 86' lang='grc' dir='ltr'>ει</span> <span class='ocrx_word' id='word_1_502' title='bbox 1400 1275 1520 1332; x_wconf 84' lang='lat' dir='ltr'>stolidum</span> <span class='ocrx_word' id='word_1_503' title='bbox 1538 1283 1593 1337; x_wconf 85' lang='lat' dir='ltr'>est,</span> <span class='ocrx_word' id='word_1_504' title='bbox 1610 1285 1637 1330; x_wconf 88' lang='grc' dir='ltr'>ιιι</span> <span class='ocrx_word' id='word_1_505' title='bbox 1651 1292 1706 1330; x_wconf 83' lang='lat' dir='ltr'>rnen</span> <span class='ocrx_word' id='word_1_506' title='bbox 1719 1292 1776 1343; x_wconf 87' lang='lat' dir='ltr'>ret,</span> <span class='ocrx_word' id='word_1_507' title='bbox 1791 1291 1845 1331; x_wconf 86' lang='lat' dir='ltr'>mec</span> <span class='ocrx_word' id='word_1_508' title='bbox 1859 1278 1943 1348; x_wconf 75' lang='lat' dir='ltr'>inrogo</span> <span class='ocrx_word' id='word_1_509' title='bbox 1956 1279 2047 1335; x_wconf 79' lang='lat' dir='ltr'>alienis</span> 
     </span>
     <span class='ocr_line' id='line_1_69' title="bbox 1252 1366 2046 1439; baseline 0.003 -18"><span class='ocrx_word' id='word_1_510' title='bbox 1252 1379 1368 1439; x_wconf 61' lang='lat' dir='ltr'>paretur</span> <span class='ocrx_word' id='word_1_511' title='bbox 1388 1367 1504 1438; x_wconf 81' lang='lat' dir='ltr'>operibus</span> <span class='ocrx_word' id='word_1_512' title='bbox 1526 1380 1536 1420; x_wconf 90' lang='grc'>.·</span> <span class='ocrx_word' id='word_1_513' title='bbox 1553 1381 1602 1421; x_wconf 90' lang='lat' dir='ltr'>cur</span> <span class='ocrx_word' id='word_1_514' title='bbox 1615 1381 1668 1420; x_wconf 92' lang='lat' dir='ltr'>nun</span> <span class='ocrx_word' id='word_1_515' title='bbox 1683 1366 1782 1435; x_wconf 79' lang='lat' dir='ltr'>queris</span> <span class='ocrx_word' id='word_1_516' title='bbox 1796 1367 1865 1422; x_wconf 89' lang='lat' dir='ltr'>uude</span> <span class='ocrx_word' id='word_1_517' title='bbox 1879 1368 1914 1423; x_wconf 93' lang='lat' dir='ltr'>sit</span> <span class='ocrx_word' id='word_1_518' title='bbox 1925 1368 2046 1438; x_wconf 78' lang='lat' dir='ltr'>Justurn,</span> 
     </span>
     <span class='ocr_line' id='line_1_70' title="bbox 1253 1457 2048 1529; baseline 0.003 -16"><span class='ocrx_word' id='word_1_519' title='bbox 1253 1467 1282 1513; x_wconf 92' lang='lat' dir='ltr'>nt</span> <span class='ocrx_word' id='word_1_520' title='bbox 1304 1458 1392 1513; x_wconf 87' lang='lat' dir='ltr'>anima</span> <span class='ocrx_word' id='word_1_521' title='bbox 1413 1472 1494 1512; x_wconf 85' lang='lat' dir='ltr'>carne</span> <span class='ocrx_word' id='word_1_522' title='bbox 1518 1457 1551 1512; x_wconf 89' lang='lat' dir='ltr'>de</span> <span class='ocrx_word' id='word_1_523' title='bbox 1574 1457 1727 1526; x_wconf 83' lang='lat' dir='ltr'>parentibus</span> <span class='ocrx_word' id='word_1_524' title='bbox 1751 1466 1834 1512; x_wconf 87' lang='lat' dir='ltr'>tracta</span> <span class='ocrx_word' id='word_1_525' title='bbox 1856 1468 1883 1513; x_wconf 91' lang='lat' dir='ltr'>et</span> <span class='ocrx_word' id='word_1_526' title='bbox 1901 1460 1984 1529; x_wconf 89' lang='lat' dir='ltr'>ipsius</span> <span class='ocrx_word' id='word_1_527' title='bbox 1999 1459 2048 1515; x_wconf 80' lang='lat' dir='ltr'>lici</span> 
     </span>
     <span class='ocr_line' id='line_1_71' title="bbox 1254 1547 2047 1621; baseline 0 -17"><span class='ocrx_word' id='word_1_528' title='bbox 1254 1558 1379 1620; x_wconf 80' lang='lat' dir='ltr'>gravetur</span> <span class='ocrx_word' id='word_1_529' title='bbox 1395 1547 1548 1620; x_wconf 74' lang='lat' dir='ltr'>operibus?</span> <span class='ocrx_word' id='word_1_530' title='bbox 1568 1549 1670 1617; x_wconf 87' lang='lat' dir='ltr'>Corpus</span> <span class='ocrx_word' id='word_1_531' title='bbox 1686 1550 1755 1602; x_wconf 88' lang='lat' dir='ltr'>enim</span> <span class='ocrx_word' id='word_1_532' title='bbox 1769 1549 1941 1620; x_wconf 90' lang='lat' dir='ltr'>corruptibile</span> <span class='ocrx_word' id='word_1_533' title='bbox 1953 1566 2047 1621; x_wconf 86' lang='lat' dir='ltr'>aggra-</span> 
     </span>
     <span class='ocr_line' id='line_1_72' title="bbox 1256 1638 2048 1711; baseline 0.004 -16"><span class='ocrx_word' id='word_1_534' title='bbox 1256 1650 1300 1695; x_wconf 82' lang='lat' dir='ltr'>vat</span> <span class='ocrx_word' id='word_1_535' title='bbox 1311 1643 1426 1695; x_wconf 90' lang='lat' dir='ltr'>aniuram</span> <span class='ocrx_word' id='word_1_536' title='bbox 1443 1640 1521 1711; x_wconf 79' lang='lat' dir='ltr'>(Sap.</span> <span class='ocrx_word' id='word_1_537' title='bbox 1537 1655 1578 1704; x_wconf 85' lang='lat' dir='ltr'>rr,</span> <span class='ocrx_word' id='word_1_538' title='bbox 1593 1640 1649 1710; x_wconf 77' lang='lat'>15).</span> <span class='ocrx_word' id='word_1_539' title='bbox 1664 1638 1698 1694; x_wconf 81' lang='lat' dir='ltr'>Et</span> <span class='ocrx_word' id='word_1_540' title='bbox 1711 1649 1773 1709; x_wconf 89' lang='lat' dir='ltr'>puto</span> <span class='ocrx_word' id='word_1_541' title='bbox 1786 1650 1811 1694; x_wconf 89' lang='grc' dir='ltr'>ιε</span> <span class='ocrx_word' id='word_1_542' title='bbox 1822 1655 1983 1710; x_wconf 83' lang='lat' dir='ltr'>agnuscere,</span> <span class='ocrx_word' id='word_1_543' title='bbox 2001 1643 2048 1698; x_wconf 76' lang='lat' dir='ltr'>liei</span> 
     </span>
     <span class='ocr_line' id='line_1_73' title="bbox 1255 1732 2050 1805; baseline -0.001 -14"><span class='ocrx_word' id='word_1_544' title='bbox 1255 1750 1323 1805; x_wconf 90' lang='lat' dir='ltr'>opus</span> <span class='ocrx_word' id='word_1_545' title='bbox 1343 1749 1403 1789; x_wconf 89' lang='lat' dir='ltr'>esse</span> <span class='ocrx_word' id='word_1_546' title='bbox 1421 1735 1501 1789; x_wconf 87' lang='lat' dir='ltr'>etiarn</span> <span class='ocrx_word' id='word_1_547' title='bbox 1514 1732 1685 1802; x_wconf 87' lang='lat' dir='ltr'>corruptibile</span> <span class='ocrx_word' id='word_1_548' title='bbox 1697 1746 1803 1803; x_wconf 92' lang='lat' dir='ltr'>corpus.</span> <span class='ocrx_word' id='word_1_549' title='bbox 1816 1732 1883 1802; x_wconf 82' lang='lat' dir='ltr'>Quid</span> <span class='ocrx_word' id='word_1_550' title='bbox 1899 1734 1980 1804; x_wconf 88' lang='lat' dir='ltr'>igitur</span> <span class='ocrx_word' id='word_1_551' title='bbox 1993 1750 2050 1790; x_wconf 87' lang='lat' dir='ltr'>me·</span> 
     </span>
     <span class='ocr_line' id='line_1_74' title="bbox 1256 1824 2050 1896; baseline -0.001 -14"><span class='ocrx_word' id='word_1_552' title='bbox 1256 1828 1309 1882; x_wconf 90' lang='lat' dir='ltr'>ruit</span> <span class='ocrx_word' id='word_1_553' title='bbox 1323 1827 1409 1896; x_wconf 85' lang='lat' dir='ltr'>imago</span> <span class='ocrx_word' id='word_1_554' title='bbox 1425 1826 1489 1890; x_wconf 89' lang='lat' dir='ltr'>bei,</span> <span class='ocrx_word' id='word_1_555' title='bbox 1505 1835 1530 1890; x_wconf 86' lang='lat' dir='ltr'>ut</span> <span class='ocrx_word' id='word_1_556' title='bbox 1545 1824 1578 1879; x_wconf 89' lang='lat' dir='ltr'>ad</span> <span class='ocrx_word' id='word_1_557' title='bbox 1594 1824 1810 1894; x_wconf 87' lang='lat' dir='ltr'>impedimentum</span> <span class='ocrx_word' id='word_1_558' title='bbox 1825 1840 1913 1878; x_wconf 91' lang='lat' dir='ltr'>rerum</span> <span class='ocrx_word' id='word_1_559' title='bbox 1924 1825 2050 1881; x_wconf 87' lang='lat' dir='ltr'>scienda·</span> 
     </span>
     <span class='ocr_line' id='line_1_75' title="bbox 1257 1917 2051 1989; baseline 0.003 -17"><span class='ocrx_word' id='word_1_560' title='bbox 1257 1935 1315 1973; x_wconf 88' lang='lat' dir='ltr'>rum</span> <span class='ocrx_word' id='word_1_561' title='bbox 1330 1917 1493 1989; x_wconf 89' lang='lat' dir='ltr'>corruptibili</span> <span class='ocrx_word' id='word_1_562' title='bbox 1507 1932 1620 1986; x_wconf 78' lang='lat' dir='ltr'>contere</span> <span class='ocrx_word' id='word_1_563' title='bbox 1633 1925 1774 1987; x_wconf 78' lang='lat' dir='ltr'>gratetur,</span> <span class='ocrx_word' id='word_1_564' title='bbox 1788 1917 1811 1972; x_wconf 91' lang='lat' dir='ltr'>si</span> <span class='ocrx_word' id='word_1_565' title='bbox 1825 1917 1926 1971; x_wconf 91' lang='lat' dir='ltr'>nullum</span> <span class='ocrx_word' id='word_1_566' title='bbox 1940 1927 1982 1973; x_wconf 90' lang='lat' dir='ltr'>est</span> <span class='ocrx_word' id='word_1_567' title='bbox 1994 1920 2051 1974; x_wconf 90' lang='lat' dir='ltr'>uri·</span> 
     </span>
    </p>
   </div>
   <div class='ocr_carea' id='block_1_7' title="bbox 1239 2007 2052 2081">
    <p class='ocr_par' dir='ltr' id='par_1_13' title="bbox 1239 2007 2052 2081">
     <span class='ocr_line' id='line_1_76' title="bbox 1239 2007 2052 2081; baseline 0.01 -22"><span class='ocrx_word' id='word_1_568' title='bbox 1239 2010 1345 2081; x_wconf 75' lang='lat' dir='ltr'>vginale</span> <span class='ocrx_word' id='word_1_569' title='bbox 1365 2009 1523 2081; x_wconf 73' lang='lat' dir='ltr'>peceatum?</span> <span class='ocrx_word' id='word_1_570' title='bbox 1542 2007 1595 2063; x_wconf 88' lang='lat' dir='ltr'>Cur</span> <span class='ocrx_word' id='word_1_571' title='bbox 1615 2018 1704 2064; x_wconf 83' lang='lat' dir='ltr'>autem</span> <span class='ocrx_word' id='word_1_572' title='bbox 1726 2024 1778 2063; x_wconf 92' lang='lat' dir='ltr'>non</span> <span class='ocrx_word' id='word_1_573' title='bbox 1798 2009 1878 2064; x_wconf 88' lang='lat' dir='ltr'>etiam</span> <span class='ocrx_word' id='word_1_574' title='bbox 1898 2010 1969 2065; x_wconf 85' lang='lat' dir='ltr'>ltuc¹</span> <span class='ocrx_word' id='word_1_575' title='bbox 1983 2009 2052 2067; x_wconf 84' lang='lat' dir='ltr'>lacis</span> 
     </span>
    </p>
   </div>
   <div class='ocr_carea' id='block_1_8' title="bbox 1258 2098 2073 5889">
    <p class='ocr_par' dir='ltr' id='par_1_14' title="bbox 1258 2098 2062 3705">
     <span class='ocr_line' id='line_1_77' title="bbox 1258 2098 2051 2170; baseline 0 -14"><span class='ocrx_word' id='word_1_576' title='bbox 1258 2103 1340 2157; x_wconf 88' lang='lat' dir='ltr'>beuru</span> <span class='ocrx_word' id='word_1_577' title='bbox 1359 2101 1463 2165; x_wconf 88' lang='lat' dir='ltr'>dicere,</span> <span class='ocrx_word' id='word_1_578' title='bbox 1484 2099 1678 2170; x_wconf 82' lang='lat' dir='ltr'>iniquissimum</span> <span class='ocrx_word' id='word_1_579' title='bbox 1696 2107 1725 2154; x_wconf 92' lang='lat' dir='ltr'>et</span> <span class='ocrx_word' id='word_1_580' title='bbox 1738 2098 1861 2153; x_wconf 91' lang='lat' dir='ltr'>stolidum</span> <span class='ocrx_word' id='word_1_581' title='bbox 1875 2109 1934 2167; x_wconf 91' lang='lat' dir='ltr'>est,</span> <span class='ocrx_word' id='word_1_582' title='bbox 1948 2109 1978 2154; x_wconf 91' lang='grc' dir='ltr'>ιιι</span> <span class='ocrx_word' id='word_1_583' title='bbox 1992 2116 2051 2156; x_wconf 91' lang='lat' dir='ltr'>mea</span> 
     </span>
     <span class='ocr_line' id='line_1_78' title="bbox 1259 2189 2051 2261; baseline -0.004 -13"><span class='ocrx_word' id='word_1_584' title='bbox 1259 2209 1319 2259; x_wconf 88' lang='lat' dir='ltr'>res,</span> <span class='ocrx_word' id='word_1_585' title='bbox 1341 2207 1399 2245; x_wconf 92' lang='lat' dir='ltr'>rnea</span> <span class='ocrx_word' id='word_1_586' title='bbox 1421 2192 1508 2261; x_wconf 89' lang='lat' dir='ltr'>imago</span> <span class='ocrx_word' id='word_1_587' title='bbox 1529 2205 1575 2260; x_wconf 89' lang='lat' dir='ltr'>per</span> <span class='ocrx_word' id='word_1_588' title='bbox 1597 2189 1779 2244; x_wconf 80' lang='lat' dir='ltr'>infidelitatem</span> <span class='ocrx_word' id='word_1_589' title='bbox 1800 2190 1843 2244; x_wconf 86' lang='lat' dir='ltr'>uel</span> <span class='ocrx_word' id='word_1_590' title='bbox 1863 2191 2051 2261; x_wconf 84' lang='lat' dir='ltr'>negligentiam</span> 
     </span>
     <span class='ocr_line' id='line_1_79' title="bbox 1261 2280 2053 2352; baseline 0.001 -16"><span class='ocrx_word' id='word_1_591' title='bbox 1261 2292 1398 2352; x_wconf 89' lang='lat' dir='ltr'>parenturn</span> <span class='ocrx_word' id='word_1_592' title='bbox 1420 2281 1462 2335; x_wconf 87' lang='lat' dir='ltr'>rel</span> <span class='ocrx_word' id='word_1_593' title='bbox 1480 2280 1659 2351; x_wconf 84' lang='lat' dir='ltr'>quorumlibet</span> <span class='ocrx_word' id='word_1_594' title='bbox 1678 2281 1748 2333; x_wconf 90' lang='lat' dir='ltr'>inter</span> <span class='ocrx_word' id='word_1_595' title='bbox 1766 2295 1835 2350; x_wconf 86' lang='lat' dir='ltr'>quos</span> <span class='ocrx_word' id='word_1_596' title='bbox 1852 2281 1933 2347; x_wconf 88' lang='lat' dir='ltr'>ririt,</span> <span class='ocrx_word' id='word_1_597' title='bbox 1949 2281 1991 2335; x_wconf 87' lang='lat' dir='ltr'>rel</span> <span class='ocrx_word' id='word_1_598' title='bbox 2005 2296 2053 2351; x_wconf 90' lang='lat' dir='ltr'>per</span> 
     </span>
     <span class='ocr_line' id='line_1_80' title="bbox 1260 2369 2053 2444; baseline -0.003 -15"><span class='ocrx_word' id='word_1_599' title='bbox 1260 2387 1454 2444; x_wconf 78' lang='lat' dir='ltr'>quanicumque</span> <span class='ocrx_word' id='word_1_600' title='bbox 1463 2371 1659 2436; x_wconf 83' lang='lat' dir='ltr'>necessitatem,</span> <span class='ocrx_word' id='word_1_601' title='bbox 1672 2369 1730 2424; x_wconf 89' lang='lat' dir='ltr'>sine</span> <span class='ocrx_word' id='word_1_602' title='bbox 1743 2369 1879 2439; x_wconf 79' lang='lat' dir='ltr'>nupttsnn</span> <span class='ocrx_word' id='word_1_603' title='bbox 1891 2370 1925 2426; x_wconf 92' lang='lat' dir='ltr'>de</span> <span class='ocrx_word' id='word_1_604' title='bbox 1938 2386 2053 2443; x_wconf 86' lang='lat' dir='ltr'>corpore</span> 
     </span>
     <span class='ocr_line' id='line_1_81' title="bbox 1261 2462 2054 2533; baseline -0.003 -12"><span class='ocrx_word' id='word_1_605' title='bbox 1261 2475 1338 2522; x_wconf 83' lang='lat' dir='ltr'>excat</span> <span class='ocrx_word' id='word_1_606' title='bbox 1349 2505 1357 2532; x_wconf 92' lang='lat'>,</span> <span class='ocrx_word' id='word_1_607' title='bbox 1369 2474 1396 2520; x_wconf 94' lang='lat' dir='ltr'>et</span> <span class='ocrx_word' id='word_1_608' title='bbox 1410 2464 1444 2518; x_wconf 93' lang='lat' dir='ltr'>ad</span> <span class='ocrx_word' id='word_1_609' title='bbox 1458 2479 1567 2533; x_wconf 87' lang='lat' dir='ltr'>reguum</span> <span class='ocrx_word' id='word_1_610' title='bbox 1580 2478 1668 2517; x_wconf 91' lang='lat' dir='ltr'>meum</span> <span class='ocrx_word' id='word_1_611' title='bbox 1682 2477 1734 2516; x_wconf 92' lang='lat' dir='ltr'>uon</span> <span class='ocrx_word' id='word_1_612' title='bbox 1749 2462 1922 2528; x_wconf 83' lang='lat' dir='ltr'>admittatur,</span> <span class='ocrx_word' id='word_1_613' title='bbox 1935 2479 1985 2518; x_wconf 90' lang='lat' dir='ltr'>occ</span> <span class='ocrx_word' id='word_1_614' title='bbox 2000 2463 2054 2519; x_wconf 76' lang='lat' dir='ltr'>rita</span> 
     </span>
     <span class='ocr_line' id='line_1_82' title="bbox 1261 2553 2053 2625; baseline 0 -16"><span class='ocrx_word' id='word_1_615' title='bbox 1261 2557 1350 2622; x_wconf 88' lang='lat' dir='ltr'>uiuat,</span> <span class='ocrx_word' id='word_1_616' title='bbox 1373 2555 1433 2625; x_wconf 85' lang='lat' dir='ltr'>quia</span> <span class='ocrx_word' id='word_1_617' title='bbox 1456 2567 1564 2607; x_wconf 90' lang='lat' dir='ltr'>earnem</span> <span class='ocrx_word' id='word_1_618' title='bbox 1585 2561 1703 2606; x_wconf 85' lang='lat' dir='ltr'>sanctarn</span> <span class='ocrx_word' id='word_1_619' title='bbox 1727 2567 1780 2606; x_wconf 92' lang='lat' dir='ltr'>uon</span> <span class='ocrx_word' id='word_1_620' title='bbox 1799 2553 1985 2621; x_wconf 84' lang='lat' dir='ltr'>manducarit,</span> <span class='ocrx_word' id='word_1_621' title='bbox 2003 2569 2053 2609; x_wconf 82' lang='lat' dir='ltr'>nee</span> 
     </span>
     <span class='ocr_line' id='line_1_83' title="bbox 1262 2642 2054 2717; baseline -0.001 -17"><span class='ocrx_word' id='word_1_622' title='bbox 1262 2647 1417 2717; x_wconf 85' lang='lat' dir='ltr'>sanguinent</span> <span class='ocrx_word' id='word_1_623' title='bbox 1440 2643 1505 2698; x_wconf 90' lang='lat' dir='ltr'>bibit</span> <span class='ocrx_word' id='word_1_624' title='bbox 1526 2643 1614 2714; x_wconf 79' lang='lat' dir='ltr'>(loun.</span> <span class='ocrx_word' id='word_1_625' title='bbox 1635 2659 1659 2697; x_wconf 88' lang='lat' dir='ltr'>rr</span> <span class='ocrx_word' id='word_1_626' title='bbox 1673 2685 1680 2708; x_wconf 92' lang='lat'>,</span> <span class='ocrx_word' id='word_1_627' title='bbox 1695 2642 1740 2716; x_wconf 77' lang='lat' dir='ltr'>et)</span> <span class='ocrx_word' id='word_1_628' title='bbox 1750 2643 1763 2696; x_wconf 77' lang='lat' dir='ltr'>i</span> <span class='ocrx_word' id='word_1_629' title='bbox 1774 2645 1814 2698; x_wconf 81' lang='grc' dir='ltr'>Αιι</span> <span class='ocrx_word' id='word_1_630' title='bbox 1830 2656 1856 2699; x_wconf 86' lang='grc' dir='ltr'>ει</span> <span class='ocrx_word' id='word_1_631' title='bbox 1867 2654 1959 2699; x_wconf 91' lang='lat' dir='ltr'>eontra</span> <span class='ocrx_word' id='word_1_632' title='bbox 1975 2645 2054 2699; x_wconf 83' lang='lat' dir='ltr'>istam</span> 
     </span>
     <span class='ocr_line' id='line_1_84' title="bbox 1262 2736 2053 2808; baseline -0.001 -14"><span class='ocrx_word' id='word_1_633' title='bbox 1262 2738 1359 2794; x_wconf 80' lang='lat' dir='ltr'>Cbristi</span> <span class='ocrx_word' id='word_1_634' title='bbox 1375 2738 1533 2794; x_wconf 87' lang='lat' dir='ltr'>senteutiam</span> <span class='ocrx_word' id='word_1_635' title='bbox 1545 2736 1693 2806; x_wconf 87' lang='lat' dir='ltr'>disputabis</span> <span class='ocrx_word' id='word_1_636' title='bbox 1705 2749 1783 2808; x_wconf 87' lang='lat' dir='ltr'>atque</span> <span class='ocrx_word' id='word_1_637' title='bbox 1795 2736 1933 2803; x_wconf 88' lang='lat' dir='ltr'>elamabis,</span> <span class='ocrx_word' id='word_1_638' title='bbox 1948 2737 2053 2802; x_wconf 84' lang='lat' dir='ltr'>dicens.</span> 
     </span>
     <span class='ocr_line' id='line_1_85' title="bbox 1263 2826 2056 2895; baseline -0.001 -12"><span class='ocrx_word' id='word_1_639' title='bbox 1263 2829 1392 2894; x_wconf 76' lang='lat' dir='ltr'>l‘rorsns,</span> <span class='ocrx_word' id='word_1_640' title='bbox 1413 2827 1515 2882; x_wconf 89' lang='lat' dir='ltr'>etiarnsi</span> <span class='ocrx_word' id='word_1_641' title='bbox 1534 2842 1586 2881; x_wconf 93' lang='lat' dir='ltr'>nun</span> <span class='ocrx_word' id='word_1_642' title='bbox 1605 2826 1801 2882; x_wconf 74' lang='lat' dir='ltr'>manducaverit</span> <span class='ocrx_word' id='word_1_643' title='bbox 1813 2841 1920 2882; x_wconf 92' lang='lat' dir='ltr'>carncrn</span> <span class='ocrx_word' id='word_1_644' title='bbox 1935 2827 2056 2895; x_wconf 80' lang='lat' dir='ltr'>Christi,</span> 
     </span>
     <span class='ocr_line' id='line_1_86' title="bbox 1263 2917 2056 2991; baseline -0.001 -16"><span class='ocrx_word' id='word_1_645' title='bbox 1263 2936 1350 2991; x_wconf 77' lang='lat' dir='ltr'>neque</span> <span class='ocrx_word' id='word_1_646' title='bbox 1371 2920 1467 2976; x_wconf 90' lang='lat' dir='ltr'>biberit</span> <span class='ocrx_word' id='word_1_647' title='bbox 1479 2920 1536 2989; x_wconf 86' lang='lat' dir='ltr'>ejus</span> <span class='ocrx_word' id='word_1_648' title='bbox 1549 2919 1718 2989; x_wconf 87' lang='lat' dir='ltr'>sanguinent,</span> <span class='ocrx_word' id='word_1_649' title='bbox 1732 2917 1784 2974; x_wconf 82' lang='lat' dir='ltr'>rita</span> <span class='ocrx_word' id='word_1_650' title='bbox 1798 2918 1889 2973; x_wconf 82' lang='lat' dir='ltr'>uiuet?</span> <span class='ocrx_word' id='word_1_651' title='bbox 1903 2918 1926 2973; x_wconf 91' lang='lat'>0</span> <span class='ocrx_word' id='word_1_652' title='bbox 1941 2934 2056 2987; x_wconf 89' lang='lat' dir='ltr'>vocem,</span> 
     </span>
     <span class='ocr_line' id='line_1_87' title="bbox 1264 3009 2057 3082; baseline -0.005 -14"><span class='ocrx_word' id='word_1_653' title='bbox 1264 3015 1361 3082; x_wconf 71' lang='lat' dir='ltr'>cuins,</span> <span class='ocrx_word' id='word_1_654' title='bbox 1384 3012 1435 3066; x_wconf 92' lang='lat' dir='ltr'>nisi</span> <span class='ocrx_word' id='word_1_655' title='bbox 1458 3011 1624 3066; x_wconf 87' lang='lat' dir='ltr'>auticlrrisri!</span> <span class='ocrx_word' id='word_1_656' title='bbox 1648 3009 1735 3075; x_wconf 83' lang='lat' dir='ltr'>Vade,</span> <span class='ocrx_word' id='word_1_657' title='bbox 1760 3009 1802 3064; x_wconf 91' lang='lat' dir='ltr'>dic</span> <span class='ocrx_word' id='word_1_658' title='bbox 1815 3010 1882 3076; x_wconf 87' lang='lat' dir='ltr'>ista,</span> <span class='ocrx_word' id='word_1_659' title='bbox 1898 3010 1965 3064; x_wconf 91' lang='lat' dir='ltr'>doce</span> <span class='ocrx_word' id='word_1_660' title='bbox 1980 3010 2057 3065; x_wconf 75' lang='lat' dir='ltr'>ista:</span> 
     </span>
     <span class='ocr_line' id='line_1_88' title="bbox 1264 3098 2058 3164; baseline -0.005 -6"><span class='ocrx_word' id='word_1_661' title='bbox 1264 3103 1372 3158; x_wconf 89' lang='lat' dir='ltr'>audiant</span> <span class='ocrx_word' id='word_1_662' title='bbox 1396 3111 1422 3157; x_wconf 90' lang='lat' dir='ltr'>tc</span> <span class='ocrx_word' id='word_1_663' title='bbox 1441 3101 1585 3156; x_wconf 86' lang='lat' dir='ltr'>Clrristiaui</span> <span class='ocrx_word' id='word_1_664' title='bbox 1599 3100 1649 3154; x_wconf 84' lang='lat' dir='ltr'>riri</span> <span class='ocrx_word' id='word_1_665' title='bbox 1669 3107 1697 3155; x_wconf 92' lang='lat' dir='ltr'>et</span> <span class='ocrx_word' id='word_1_666' title='bbox 1711 3098 1814 3152; x_wconf 86' lang='lat' dir='ltr'>leminae</span> <span class='ocrx_word' id='word_1_667' title='bbox 1826 3138 1834 3164; x_wconf 96' lang='lat'>,</span> <span class='ocrx_word' id='word_1_668' title='bbox 1847 3099 1956 3152; x_wconf 89' lang='lat' dir='ltr'>audiant</span> <span class='ocrx_word' id='word_1_669' title='bbox 1969 3098 2058 3154; x_wconf 88' lang='lat' dir='ltr'>lronri·</span> 
     </span>
     <span class='ocr_line' id='line_1_89' title="bbox 1265 3187 2056 3260; baseline -0.004 -13"><span class='ocrx_word' id='word_1_670' title='bbox 1265 3209 1313 3249; x_wconf 92' lang='lat' dir='ltr'>nes</span> <span class='ocrx_word' id='word_1_671' title='bbox 1325 3202 1414 3247; x_wconf 90' lang='lat' dir='ltr'>mente</span> <span class='ocrx_word' id='word_1_672' title='bbox 1429 3191 1564 3260; x_wconf 90' lang='lat' dir='ltr'>corrupti,</span> <span class='ocrx_word' id='word_1_673' title='bbox 1578 3190 1683 3260; x_wconf 86' lang='lat' dir='ltr'>reprobi</span> <span class='ocrx_word' id='word_1_674' title='bbox 1696 3189 1765 3244; x_wconf 89' lang='lat' dir='ltr'>circa</span> <span class='ocrx_word' id='word_1_675' title='bbox 1781 3188 1878 3252; x_wconf 82' lang='lat' dir='ltr'>sudem;</span> <span class='ocrx_word' id='word_1_676' title='bbox 1893 3187 2003 3242; x_wconf 87' lang='lat' dir='ltr'>audiant</span> <span class='ocrx_word' id='word_1_677' title='bbox 2013 3197 2056 3257; x_wconf 88' lang='lat' dir='ltr'>tc,</span> 
     </span>
     <span class='ocr_line' id='line_1_90' title="bbox 1265 3280 2057 3350; baseline -0.006 -13"><span class='ocrx_word' id='word_1_678' title='bbox 1265 3292 1354 3338; x_wconf 91' lang='lat' dir='ltr'>ament</span> <span class='ocrx_word' id='word_1_679' title='bbox 1368 3291 1413 3349; x_wconf 93' lang='lat' dir='ltr'>tc,</span> <span class='ocrx_word' id='word_1_680' title='bbox 1428 3281 1560 3335; x_wconf 84' lang='lat' dir='ltr'>honorent</span> <span class='ocrx_word' id='word_1_681' title='bbox 1573 3290 1616 3348; x_wconf 89' lang='lat' dir='ltr'>tc,</span> <span class='ocrx_word' id='word_1_682' title='bbox 1629 3288 1753 3350; x_wconf 88' lang='lat' dir='ltr'>pascant,</span> <span class='ocrx_word' id='word_1_683' title='bbox 1767 3280 1899 3344; x_wconf 86' lang='lat' dir='ltr'>restiaut,</span> <span class='ocrx_word' id='word_1_684' title='bbox 1913 3288 2009 3332; x_wconf 91' lang='lat' dir='ltr'>ornent</span> <span class='ocrx_word' id='word_1_685' title='bbox 2020 3288 2057 3344; x_wconf 87' lang='lat' dir='ltr'>te,</span> 
     </span>
     <span class='ocr_line' id='line_1_91' title="bbox 1266 3368 2059 3444; baseline -0.008 -15"><span class='ocrx_word' id='word_1_686' title='bbox 1266 3384 1292 3429; x_wconf 91' lang='lat' dir='ltr'>ct</span> <span class='ocrx_word' id='word_1_687' title='bbox 1304 3374 1435 3444; x_wconf 89' lang='lat' dir='ltr'>perditum</span> <span class='ocrx_word' id='word_1_688' title='bbox 1448 3369 1584 3441; x_wconf 75' lang='lat' dir='ltr'>sequendo</span> <span class='ocrx_word' id='word_1_689' title='bbox 1596 3370 1707 3438; x_wconf 90' lang='lat' dir='ltr'>perdant</span> <span class='ocrx_word' id='word_1_690' title='bbox 1718 3378 1745 3423; x_wconf 89' lang='grc' dir='ltr'>ει</span> <span class='ocrx_word' id='word_1_691' title='bbox 1757 3382 1795 3424; x_wconf 89' lang='lat' dir='ltr'>sc.</span> <span class='ocrx_word' id='word_1_692' title='bbox 1812 3369 1864 3424; x_wconf 86' lang='lat' dir='ltr'>Sed</span> <span class='ocrx_word' id='word_1_693' title='bbox 1879 3369 1951 3424; x_wconf 87' lang='lat' dir='ltr'>rrovit</span> <span class='ocrx_word' id='word_1_694' title='bbox 1965 3368 2059 3424; x_wconf 87' lang='lat' dir='ltr'>borni·</span> 
     </span>
     <span class='ocr_line' id='line_1_92' title="bbox 1266 3456 2058 3535; baseline -0.01 -15"><span class='ocrx_word' id='word_1_695' title='bbox 1266 3481 1316 3520; x_wconf 92' lang='lat' dir='ltr'>nus</span> <span class='ocrx_word' id='word_1_696' title='bbox 1334 3467 1377 3535; x_wconf 87' lang='lat' dir='ltr'>qui</span> <span class='ocrx_word' id='word_1_697' title='bbox 1392 3473 1453 3518; x_wconf 92' lang='lat' dir='ltr'>sunt</span> <span class='ocrx_word' id='word_1_698' title='bbox 1465 3467 1524 3532; x_wconf 76' lang='lat' dir='ltr'>eins</span> <span class='ocrx_word' id='word_1_699' title='bbox 1539 3459 1571 3532; x_wconf 91' lang='lat' dir='ltr'>(ll</span> <span class='ocrx_word' id='word_1_700' title='bbox 1584 3459 1651 3514; x_wconf 80' lang='lat' dir='ltr'>Tim.</span> <span class='ocrx_word' id='word_1_701' title='bbox 1665 3475 1701 3524; x_wconf 95' lang='lat' dir='ltr'>n,</span> <span class='ocrx_word' id='word_1_702' title='bbox 1718 3456 1762 3532; x_wconf 86' lang='lat' dir='ltr'>ra)</span> <span class='ocrx_word' id='word_1_703' title='bbox 1779 3477 1785 3512; x_wconf 94' lang='lat'>:</span> <span class='ocrx_word' id='word_1_704' title='bbox 1801 3474 1850 3514; x_wconf 87' lang='lat' dir='ltr'>uec</span> <span class='ocrx_word' id='word_1_705' title='bbox 1863 3458 2058 3529; x_wconf 89' lang='lat' dir='ltr'>desperandum</span> 
     </span>
     <span class='ocr_line' id='line_1_93' title="bbox 1267 3549 2062 3622; baseline -0.013 -8"><span class='ocrx_word' id='word_1_706' title='bbox 1267 3568 1308 3614; x_wconf 89' lang='lat' dir='ltr'>est</span> <span class='ocrx_word' id='word_1_707' title='bbox 1331 3566 1359 3613; x_wconf 90' lang='lat' dir='ltr'>et</span> <span class='ocrx_word' id='word_1_708' title='bbox 1380 3555 1414 3611; x_wconf 91' lang='lat' dir='ltr'>de</span> <span class='ocrx_word' id='word_1_709' title='bbox 1431 3556 1522 3620; x_wconf 83' lang='lat' dir='ltr'>robis,</span> <span class='ocrx_word' id='word_1_710' title='bbox 1542 3552 1666 3622; x_wconf 86' lang='lat' dir='ltr'>qrramdiu</span> <span class='ocrx_word' id='word_1_711' title='bbox 1685 3551 1811 3622; x_wconf 85' lang='lat' dir='ltr'>patientia</span> <span class='ocrx_word' id='word_1_712' title='bbox 1824 3550 1883 3620; x_wconf 81' lang='lat' dir='ltr'>ejus</span> <span class='ocrx_word' id='word_1_713' title='bbox 1898 3549 2062 3620; x_wconf 89' lang='lat' dir='ltr'>impenditur</span> 
     </span>
     <span class='ocr_line' id='line_1_94' title="bbox 1267 3650 1352 3705; baseline -0.059 0"><span class='ocrx_word' id='word_1_714' title='bbox 1267 3650 1352 3705; x_wconf 88' lang='lat' dir='ltr'>rubis.</span> 
     </span>
    </p>

    <p class='ocr_par' dir='ltr' id='par_1_15' title="bbox 1269 3727 2060 3991">
     <span class='ocr_line' id='line_1_95' title="bbox 1302 3727 2060 3795; baseline -0.016 0"><span class='ocrx_word' id='word_1_715' title='bbox 1302 3737 1382 3795; x_wconf 77' lang='lat' dir='ltr'>xtv.</span> <span class='ocrx_word' id='word_1_716' title='bbox 1408 3736 1467 3793; x_wconf 83' lang='lat' dir='ltr'>lut.</span> <span class='ocrx_word' id='word_1_717' title='bbox 1490 3734 1538 3790; x_wconf 89' lang='lat' dir='ltr'>Cui</span> <span class='ocrx_word' id='word_1_718' title='bbox 1560 3733 1630 3788; x_wconf 91' lang='lat' dir='ltr'>lurne</span> <span class='ocrx_word' id='word_1_719' title='bbox 1651 3740 1749 3788; x_wconf 90' lang='lat' dir='ltr'>statum</span> <span class='ocrx_word' id='word_1_720' title='bbox 1771 3729 1850 3795; x_wconf 92' lang='lat' dir='ltr'>dedi,</span> <span class='ocrx_word' id='word_1_721' title='bbox 1872 3739 1901 3784; x_wconf 94' lang='lat' dir='ltr'>ut</span> <span class='ocrx_word' id='word_1_722' title='bbox 1920 3729 1944 3784; x_wconf 93' lang='lat' dir='ltr'>ci</span> <span class='ocrx_word' id='word_1_723' title='bbox 1958 3727 2060 3784; x_wconf 88' lang='lat' dir='ltr'>nolenti</span> 
     </span>
     <span class='ocr_line' id='line_1_96' title="bbox 1269 3819 2059 3894; baseline -0.015 -9"><span class='ocrx_word' id='word_1_724' title='bbox 1269 3845 1348 3885; x_wconf 87' lang='lat' dir='ltr'>uerno</span> <span class='ocrx_word' id='word_1_725' title='bbox 1368 3834 1477 3882; x_wconf 88' lang='lat' dir='ltr'>noceret</span> <span class='ocrx_word' id='word_1_726' title='bbox 1495 3834 1643 3889; x_wconf 80' lang='lat' dir='ltr'>externus,</span> <span class='ocrx_word' id='word_1_727' title='bbox 1665 3823 1712 3876; x_wconf 88' lang='lat' dir='ltr'>sed</span> <span class='ocrx_word' id='word_1_728' title='bbox 1736 3830 1831 3894; x_wconf 80' lang='lat' dir='ltr'>sponte</span> <span class='ocrx_word' id='word_1_729' title='bbox 1848 3826 2000 3889; x_wconf 87' lang='lat' dir='ltr'>capesseret</span> <span class='ocrx_word' id='word_1_730' title='bbox 2018 3819 2059 3874; x_wconf 82' lang='lat' dir='ltr'>tel</span> 
     </span>
     <span class='ocr_line' id='line_1_97' title="bbox 1269 3910 2006 3991; baseline -0.016 -18"><span class='ocrx_word' id='word_1_731' title='bbox 1269 3928 1404 3991; x_wconf 88' lang='lat' dir='ltr'>peccatum</span> <span class='ocrx_word' id='word_1_732' title='bbox 1419 3917 1461 3972; x_wconf 83' lang='lat' dir='ltr'>uel</span> <span class='ocrx_word' id='word_1_733' title='bbox 1473 3914 1618 3985; x_wconf 87' lang='lat' dir='ltr'>justitiam,</span> <span class='ocrx_word' id='word_1_734' title='bbox 1633 3912 1675 3967; x_wconf 86' lang='lat' dir='ltr'>rel</span> <span class='ocrx_word' id='word_1_735' title='bbox 1686 3910 1824 3980; x_wconf 74' lang='lat' dir='ltr'>praemium</span> <span class='ocrx_word' id='word_1_736' title='bbox 1838 3910 1878 3964; x_wconf 86' lang='lat' dir='ltr'>uel</span> <span class='ocrx_word' id='word_1_737' title='bbox 1892 3920 2006 3963; x_wconf 86' lang='lat' dir='ltr'>reaturo.</span> 
     </span>
    </p>

    <p class='ocr_par' dir='ltr' id='par_1_16' title="bbox 1269 4000 2067 4712">
     <span class='ocr_line' id='line_1_98' title="bbox 1305 4000 2060 4078; baseline -0.019 -12"><span class='ocrx_word' id='word_1_738' title='bbox 1305 4012 1371 4066; x_wconf 76' lang='lat' dir='ltr'>boe.</span> <span class='ocrx_word' id='word_1_739' title='bbox 1388 4009 1424 4062; x_wconf 82' lang='lat' dir='ltr'>lle</span> <span class='ocrx_word' id='word_1_740' title='bbox 1436 4007 1521 4078; x_wconf 87' lang='lat' dir='ltr'>prinra</span> <span class='ocrx_word' id='word_1_741' title='bbox 1535 4003 1648 4058; x_wconf 88' lang='lat' dir='ltr'>lroutinis</span> <span class='ocrx_word' id='word_1_742' title='bbox 1660 4010 1754 4056; x_wconf 90' lang='lat' dir='ltr'>natura</span> <span class='ocrx_word' id='word_1_743' title='bbox 1768 4000 1817 4055; x_wconf 86' lang='lat' dir='ltr'>boe</span> <span class='ocrx_word' id='word_1_744' title='bbox 1827 4000 1878 4054; x_wconf 90' lang='lat' dir='ltr'>dici</span> <span class='ocrx_word' id='word_1_745' title='bbox 1895 4007 1991 4067; x_wconf 70' lang='lat' dir='ltr'>protest,</span> <span class='ocrx_word' id='word_1_746' title='bbox 2007 4012 2060 4053; x_wconf 90' lang='lat' dir='ltr'>nort</span> 
     </span>
     <span class='ocr_line' id='line_1_99' title="bbox 1269 4089 2061 4165; baseline -0.018 -8"><span class='ocrx_word' id='word_1_747' title='bbox 1269 4101 1303 4157; x_wconf 90' lang='lat' dir='ltr'>dc</span> <span class='ocrx_word' id='word_1_748' title='bbox 1317 4101 1365 4155; x_wconf 89' lang='lat' dir='ltr'>ista</span> <span class='ocrx_word' id='word_1_749' title='bbox 1377 4099 1467 4153; x_wconf 74' lang='lat' dir='ltr'>vitiata</span> <span class='ocrx_word' id='word_1_750' title='bbox 1479 4105 1558 4165; x_wconf 85' lang='lat' dir='ltr'>atone</span> <span class='ocrx_word' id='word_1_751' title='bbox 1571 4093 1705 4148; x_wconf 83' lang='lat' dir='ltr'>damnata.</span> <span class='ocrx_word' id='word_1_752' title='bbox 1720 4091 1810 4160; x_wconf 82' lang='lat' dir='ltr'>Neque</span> <span class='ocrx_word' id='word_1_753' title='bbox 1823 4091 1893 4146; x_wconf 92' lang='lat' dir='ltr'>enim</span> <span class='ocrx_word' id='word_1_754' title='bbox 1906 4099 1933 4143; x_wconf 90' lang='lat' dir='ltr'>et</span> <span class='ocrx_word' id='word_1_755' title='bbox 1946 4089 1972 4143; x_wconf 92' lang='lat' dir='ltr'>iu</span> <span class='ocrx_word' id='word_1_756' title='bbox 1985 4103 2061 4159; x_wconf 87' lang='lat' dir='ltr'>para·</span> 
     </span>
     <span class='ocr_line' id='line_1_100' title="bbox 1270 4179 2062 4258; baseline -0.015 -14"><span class='ocrx_word' id='word_1_757' title='bbox 1270 4190 1329 4244; x_wconf 92' lang='lat' dir='ltr'>diso</span> <span class='ocrx_word' id='word_1_758' title='bbox 1347 4199 1409 4244; x_wconf 90' lang='lat' dir='ltr'>ante</span> <span class='ocrx_word' id='word_1_759' title='bbox 1427 4195 1563 4258; x_wconf 86' lang='lat' dir='ltr'>peceatum</span> <span class='ocrx_word' id='word_1_760' title='bbox 1582 4181 1741 4254; x_wconf 79' lang='lat' dir='ltr'>aggravabat</span> <span class='ocrx_word' id='word_1_761' title='bbox 1760 4179 1876 4234; x_wconf 87' lang='lat' dir='ltr'>aninrarn</span> <span class='ocrx_word' id='word_1_762' title='bbox 1891 4194 1989 4248; x_wconf 90' lang='lat' dir='ltr'>eorpus</span> <span class='ocrx_word' id='word_1_763' title='bbox 2002 4193 2062 4233; x_wconf 80' lang='lat' dir='ltr'>errr-</span> 
     </span>
     <span class='ocr_line' id='line_1_101' title="bbox 1271 4269 2062 4350; baseline -0.016 -14"><span class='ocrx_word' id='word_1_764' title='bbox 1271 4279 1396 4350; x_wconf 87' lang='lat' dir='ltr'>rnptibile</span> <span class='ocrx_word' id='word_1_765' title='bbox 1417 4295 1425 4332; x_wconf 80' lang='lat' dir='ltr'>r</span> <span class='ocrx_word' id='word_1_766' title='bbox 1446 4285 1493 4331; x_wconf 90' lang='lat' dir='ltr'>aut</span> <span class='ocrx_word' id='word_1_767' title='bbox 1513 4289 1576 4331; x_wconf 84' lang='lat' dir='ltr'>reru</span> <span class='ocrx_word' id='word_1_768' title='bbox 1598 4288 1682 4344; x_wconf 83' lang='lat' dir='ltr'>usqne</span> <span class='ocrx_word' id='word_1_769' title='bbox 1701 4272 1769 4326; x_wconf 92' lang='lat' dir='ltr'>adeo</span> <span class='ocrx_word' id='word_1_770' title='bbox 1782 4287 1830 4325; x_wconf 83' lang='lat' dir='ltr'>ros</span> <span class='ocrx_word' id='word_1_771' title='bbox 1843 4282 1932 4326; x_wconf 91' lang='lat' dir='ltr'>mente</span> <span class='ocrx_word' id='word_1_772' title='bbox 1943 4269 2062 4341; x_wconf 86' lang='lat' dir='ltr'>corrupti</span> 
     </span>
     <span class='ocr_line' id='line_1_102' title="bbox 1270 4362 2064 4433; baseline -0.014 -7"><span class='ocrx_word' id='word_1_773' title='bbox 1270 4371 1352 4433; x_wconf 79' lang='lat' dir='ltr'>estis,</span> <span class='ocrx_word' id='word_1_774' title='bbox 1367 4378 1396 4421; x_wconf 92' lang='lat' dir='ltr'>ut</span> <span class='ocrx_word' id='word_1_775' title='bbox 1409 4368 1490 4423; x_wconf 90' lang='lat' dir='ltr'>etiam</span> <span class='ocrx_word' id='word_1_776' title='bbox 1503 4365 1554 4420; x_wconf 90' lang='lat' dir='ltr'>lroe</span> <span class='ocrx_word' id='word_1_777' title='bbox 1566 4365 1655 4419; x_wconf 87' lang='lat' dir='ltr'>dicere</span> <span class='ocrx_word' id='word_1_778' title='bbox 1668 4362 1797 4417; x_wconf 88' lang='lat' dir='ltr'>audeatis.</span> <span class='ocrx_word' id='word_1_779' title='bbox 1810 4362 1837 4417; x_wconf 84' lang='lat' dir='ltr'>st</span> <span class='ocrx_word' id='word_1_780' title='bbox 1849 4371 1937 4417; x_wconf 91' lang='lat' dir='ltr'>autern</span> <span class='ocrx_word' id='word_1_781' title='bbox 1948 4377 2002 4414; x_wconf 93' lang='lat' dir='ltr'>nou</span> <span class='ocrx_word' id='word_1_782' title='bbox 2013 4376 2064 4415; x_wconf 89' lang='lat' dir='ltr'>au·</span> 
     </span>
     <span class='ocr_line' id='line_1_103' title="bbox 1270 4452 2067 4526; baseline -0.009 -12"><span class='ocrx_word' id='word_1_783' title='bbox 1270 4459 1355 4522; x_wconf 89' lang='lat' dir='ltr'>dctis,</span> <span class='ocrx_word' id='word_1_784' title='bbox 1370 4457 1451 4512; x_wconf 89' lang='lat' dir='ltr'>dieite</span> <span class='ocrx_word' id='word_1_785' title='bbox 1462 4469 1545 4526; x_wconf 84' lang='lat' dir='ltr'>quare</span> <span class='ocrx_word' id='word_1_786' title='bbox 1555 4454 1719 4526; x_wconf 85' lang='lat' dir='ltr'>corruptibili</span> <span class='ocrx_word' id='word_1_787' title='bbox 1729 4468 1840 4522; x_wconf 84' lang='lat' dir='ltr'>corpore</span> <span class='ocrx_word' id='word_1_788' title='bbox 1850 4453 1937 4521; x_wconf 81' lang='lat' dir='ltr'>imago</span> <span class='ocrx_word' id='word_1_789' title='bbox 1949 4452 1995 4506; x_wconf 88' lang='lat' dir='ltr'>bei</span> <span class='ocrx_word' id='word_1_790' title='bbox 2008 4466 2067 4507; x_wconf 84' lang='lat' dir='ltr'>rue·</span> 
     </span>
     <span class='ocr_line' id='line_1_104' title="bbox 1271 4529 2067 4618; baseline -0.01 -12"><span class='ocrx_word' id='word_1_791' title='bbox 1271 4550 1354 4605; x_wconf 86' lang='lat' dir='ltr'>ruerit</span> <span class='ocrx_word' id='word_1_792' title='bbox 1369 4545 1521 4618; x_wconf 78' lang='lat' dir='ltr'>aggravari,</span> <span class='ocrx_word' id='word_1_793' title='bbox 1534 4546 1579 4616; x_wconf 86' lang='lat' dir='ltr'>qui</span> <span class='ocrx_word' id='word_1_794' title='bbox 1594 4559 1646 4599; x_wconf 91' lang='lat' dir='ltr'>nnn</span> <span class='ocrx_word' id='word_1_795' title='bbox 1660 4545 1738 4599; x_wconf 86' lang='lat' dir='ltr'>uultis</span> <span class='ocrx_word' id='word_1_796' title='bbox 1751 4558 1811 4599; x_wconf 93' lang='lat' dir='ltr'>curu</span> <span class='ocrx_word' id='word_1_797' title='bbox 1825 4529 1955 4597; x_wconf 81' lang='lat' dir='ltr'>catholica</span> <span class='ocrx_word' id='word_1_798' title='bbox 1970 4542 2067 4598; x_wconf 78' lang='lat' dir='ltr'>Eccle-</span> 
     </span>
     <span class='ocr_line' id='line_1_105' title="bbox 1271 4638 1713 4712; baseline -0.016 -15"><span class='ocrx_word' id='word_1_799' title='bbox 1271 4645 1310 4698; x_wconf 85' lang='lat' dir='ltr'>sia</span> <span class='ocrx_word' id='word_1_800' title='bbox 1325 4643 1425 4712; x_wconf 86' lang='lat' dir='ltr'>peceati</span> <span class='ocrx_word' id='word_1_801' title='bbox 1440 4638 1568 4709; x_wconf 89' lang='lat' dir='ltr'>originem</span> <span class='ocrx_word' id='word_1_802' title='bbox 1582 4638 1713 4692; x_wconf 86' lang='lat' dir='ltr'>contitcri.</span> 
     </span>
    </p>

    <p class='ocr_par' dir='ltr' id='par_1_17' title="bbox 1271 4727 2073 5889">
     <span class='ocr_line' id='line_1_106' title="bbox 1306 4727 2068 4802; baseline -0.013 -12"><span class='ocrx_word' id='word_1_803' title='bbox 1306 4733 1398 4790; x_wconf 77' lang='lat' dir='ltr'>xant.</span> <span class='ocrx_word' id='word_1_804' title='bbox 1414 4732 1472 4788; x_wconf 82' lang='lat' dir='ltr'>lut..</span> <span class='ocrx_word' id='word_1_805' title='bbox 1488 4730 1634 4802; x_wconf 84' lang='lat' dir='ltr'>indignaris</span> <span class='ocrx_word' id='word_1_806' title='bbox 1647 4732 1734 4800; x_wconf 89' lang='lat' dir='ltr'>itaque</span> <span class='ocrx_word' id='word_1_807' title='bbox 1749 4727 2068 4798; x_wconf 76' lang='lat' dir='ltr'>milri,cnr1&#39;nrautima·</span> 
     </span>
     <span class='ocr_line' id='line_1_107' title="bbox 1271 4816 2067 4896; baseline -0.014 -16"><span class='ocrx_word' id='word_1_808' title='bbox 1271 4825 1313 4896; x_wconf 91' lang='lat' dir='ltr'>gis</span> <span class='ocrx_word' id='word_1_809' title='bbox 1337 4825 1393 4879; x_wconf 85' lang='lat' dir='ltr'>beo</span> <span class='ocrx_word' id='word_1_810' title='bbox 1414 4821 1538 4890; x_wconf 88' lang='lat' dir='ltr'>credam,</span> <span class='ocrx_word' id='word_1_811' title='bbox 1563 4837 1641 4892; x_wconf 81' lang='lat' dir='ltr'>quarn</span> <span class='ocrx_word' id='word_1_812' title='bbox 1667 4821 1812 4875; x_wconf 71' lang='lat' dir='ltr'>llanielrrcn</span> <span class='ocrx_word' id='word_1_813' title='bbox 1834 4817 1998 4879; x_wconf 86' lang='lat' dir='ltr'>somnianti,</span> <span class='ocrx_word' id='word_1_814' title='bbox 2020 4816 2067 4886; x_wconf 82' lang='lat' dir='ltr'>qui</span> 
     </span>
     <span class='ocr_line' id='line_1_108' title="bbox 1273 4904 2067 4984; baseline -0.011 -15"><span class='ocrx_word' id='word_1_815' title='bbox 1273 4914 1345 4970; x_wconf 91' lang='lat' dir='ltr'>nulla</span> <span class='ocrx_word' id='word_1_816' title='bbox 1369 4913 1532 4984; x_wconf 78' lang='lat' dir='ltr'>prasertim,</span> <span class='ocrx_word' id='word_1_817' title='bbox 1554 4912 1575 4966; x_wconf 91' lang='lat' dir='ltr'>si</span> <span class='ocrx_word' id='word_1_818' title='bbox 1598 4925 1651 4965; x_wconf 92' lang='lat' dir='ltr'>non</span> <span class='ocrx_word' id='word_1_819' title='bbox 1673 4925 1745 4964; x_wconf 75' lang='lat' dir='ltr'>saura</span> <span class='ocrx_word' id='word_1_820' title='bbox 1763 4908 1823 4963; x_wconf 84' lang='lat' dir='ltr'>inlei</span> <span class='ocrx_word' id='word_1_821' title='bbox 1840 4905 2010 4969; x_wconf 88' lang='lat' dir='ltr'>testimonia,</span> <span class='ocrx_word' id='word_1_822' title='bbox 2023 4904 2067 4960; x_wconf 85' lang='lat' dir='ltr'>rel</span> 
     </span>
     <span class='ocr_line' id='line_1_109' title="bbox 1272 4991 2068 5076; baseline -0.011 -16"><span class='ocrx_word' id='word_1_823' title='bbox 1272 4991 1428 5076; x_wconf 83' lang='lat' dir='ltr'>argumenta</span> <span class='ocrx_word' id='word_1_824' title='bbox 1450 5004 1550 5073; x_wconf 88' lang='lat' dir='ltr'>proruit</span> <span class='ocrx_word' id='word_1_825' title='bbox 1570 5001 1702 5072; x_wconf 70' lang='lat' dir='ltr'>vigilantis</span> <span class='ocrx_word' id='word_1_826' title='bbox 1717 4999 1813 5071; x_wconf 88' lang='lat' dir='ltr'>ingenii</span> <span class='ocrx_word' id='word_1_827' title='bbox 1829 5017 1835 5051; x_wconf 76' lang='grc' dir='ltr'><strong>ε</strong></span> <span class='ocrx_word' id='word_1_828' title='bbox 1849 5015 1908 5069; x_wconf 78' lang='lat' dir='ltr'>quate</span> <span class='ocrx_word' id='word_1_829' title='bbox 1922 4998 1982 5052; x_wconf 87' lang='lat' dir='ltr'>lieet</span> <span class='ocrx_word' id='word_1_830' title='bbox 1996 5012 2068 5052; x_wconf 88' lang='lat' dir='ltr'>utto·</span> 
     </span>
     <span class='ocr_line' id='line_1_110' title="bbox 1273 5087 2069 5167; baseline -0.01 -17"><span class='ocrx_word' id='word_1_831' title='bbox 1273 5110 1352 5167; x_wconf 82' lang='lat' dir='ltr'>quarn</span> <span class='ocrx_word' id='word_1_832' title='bbox 1373 5102 1444 5149; x_wconf 83' lang='lat' dir='ltr'>tauta</span> <span class='ocrx_word' id='word_1_833' title='bbox 1459 5093 1570 5149; x_wconf 87' lang='lat' dir='ltr'>inueniri</span> <span class='ocrx_word' id='word_1_834' title='bbox 1583 5102 1697 5164; x_wconf 89' lang='lat' dir='ltr'>qrreant,</span> <span class='ocrx_word' id='word_1_835' title='bbox 1712 5100 1741 5146; x_wconf 92' lang='lat' dir='ltr'>ut</span> <span class='ocrx_word' id='word_1_836' title='bbox 1754 5090 1873 5146; x_wconf 84' lang='lat' dir='ltr'>ueritatis</span> <span class='ocrx_word' id='word_1_837' title='bbox 1885 5089 1994 5144; x_wconf 81' lang='lat' dir='ltr'>sulcant</span> <span class='ocrx_word' id='word_1_838' title='bbox 2007 5087 2069 5142; x_wconf 90' lang='lat' dir='ltr'>lun·</span> 
     </span>
     <span class='ocr_line' id='line_1_111' title="bbox 1273 5179 2070 5251; baseline -0.011 -8"><span class='ocrx_word' id='word_1_839' title='bbox 1273 5188 1397 5243; x_wconf 88' lang='lat' dir='ltr'>darnenta</span> <span class='ocrx_word' id='word_1_840' title='bbox 1411 5185 1579 5248; x_wconf 84' lang='lat' dir='ltr'>eonrellere;</span> <span class='ocrx_word' id='word_1_841' title='bbox 1594 5193 1681 5239; x_wconf 93' lang='lat' dir='ltr'>tamen</span> <span class='ocrx_word' id='word_1_842' title='bbox 1696 5197 1756 5251; x_wconf 79' lang='lat' dir='ltr'>nune</span> <span class='ocrx_word' id='word_1_843' title='bbox 1768 5182 1809 5237; x_wconf 86' lang='lat' dir='ltr'>rel</span> <span class='ocrx_word' id='word_1_844' title='bbox 1824 5183 1850 5235; x_wconf 90' lang='lat' dir='ltr'>in</span> <span class='ocrx_word' id='word_1_845' title='bbox 1865 5179 2070 5250; x_wconf 73' lang='lat' dir='ltr'>presentiarum</span> 
     </span>
     <span class='ocr_line' id='line_1_112' title="bbox 1274 5271 2071 5347; baseline -0.015 -11"><span class='ocrx_word' id='word_1_846' title='bbox 1274 5287 1367 5336; x_wconf 82' lang='lat' dir='ltr'>contra</span> <span class='ocrx_word' id='word_1_847' title='bbox 1386 5277 1539 5333; x_wconf 89' lang='lat' dir='ltr'>stoliditatis</span> <span class='ocrx_word' id='word_1_848' title='bbox 1557 5277 1685 5347; x_wconf 88' lang='lat' dir='ltr'>pudorem</span> <span class='ocrx_word' id='word_1_849' title='bbox 1703 5274 1790 5329; x_wconf 86' lang='lat' dir='ltr'>solatii</span> <span class='ocrx_word' id='word_1_850' title='bbox 1803 5273 1955 5344; x_wconf 84' lang='lat' dir='ltr'>quidpiam,</span> <span class='ocrx_word' id='word_1_851' title='bbox 1969 5271 1995 5326; x_wconf 90' lang='lat' dir='ltr'>si</span> <span class='ocrx_word' id='word_1_852' title='bbox 2007 5278 2071 5342; x_wconf 84' lang='lat' dir='ltr'>apte</span> 
     </span>
     <span class='ocr_line' id='line_1_113' title="bbox 1274 5363 2070 5434; baseline -0.009 -8"><span class='ocrx_word' id='word_1_853' title='bbox 1274 5371 1437 5434; x_wconf 89' lang='lat' dir='ltr'>dicerentur,</span> <span class='ocrx_word' id='word_1_854' title='bbox 1448 5370 1587 5424; x_wconf 86' lang='lat' dir='ltr'>atlerrent.</span> <span class='ocrx_word' id='word_1_855' title='bbox 1604 5367 1726 5424; x_wconf 79' lang='lat' dir='ltr'>Persistit</span> <span class='ocrx_word' id='word_1_856' title='bbox 1741 5367 1821 5432; x_wconf 90' lang='lat' dir='ltr'>bens,</span> <span class='ocrx_word' id='word_1_857' title='bbox 1838 5365 1863 5419; x_wconf 88' lang='lat' dir='ltr'>id</span> <span class='ocrx_word' id='word_1_858' title='bbox 1877 5363 1948 5434; x_wconf 82' lang='lat' dir='ltr'>qrrod</span> <span class='ocrx_word' id='word_1_859' title='bbox 1961 5378 2070 5419; x_wconf 84' lang='lat' dir='ltr'>saernm</span> 
     </span>
     <span class='ocr_line' id='line_1_114' title="bbox 1276 5455 2071 5531; baseline -0.013 -13"><span class='ocrx_word' id='word_1_860' title='bbox 1276 5463 1374 5518; x_wconf 87' lang='lat' dir='ltr'>lecerat</span> <span class='ocrx_word' id='word_1_861' title='bbox 1388 5459 1584 5531; x_wconf 72' lang='lat' dir='ltr'>praecipiendo,</span> <span class='ocrx_word' id='word_1_862' title='bbox 1597 5459 1762 5515; x_wconf 89' lang='lat' dir='ltr'>communire</span> <span class='ocrx_word' id='word_1_863' title='bbox 1777 5457 1900 5528; x_wconf 78' lang='lat' dir='ltr'>jurando.</span> <span class='ocrx_word' id='word_1_864' title='bbox 1914 5456 2004 5526; x_wconf 82' lang='lat' dir='ltr'>Pergit</span> <span class='ocrx_word' id='word_1_865' title='bbox 2015 5455 2071 5525; x_wconf 82' lang='lat' dir='ltr'>pla·</span> 
     </span>
     <span class='ocr_line' id='line_1_115' title="bbox 1276 5545 2073 5619; baseline -0.005 -12"><span class='ocrx_word' id='word_1_866' title='bbox 1276 5567 1339 5607; x_wconf 93' lang='lat' dir='ltr'>num</span> <span class='ocrx_word' id='word_1_867' title='bbox 1353 5550 1440 5606; x_wconf 85' lang='lat' dir='ltr'>iacere</span> <span class='ocrx_word' id='word_1_868' title='bbox 1452 5551 1532 5606; x_wconf 91' lang='lat' dir='ltr'>etiam</span> <span class='ocrx_word' id='word_1_869' title='bbox 1547 5565 1595 5619; x_wconf 91' lang='lat' dir='ltr'>per</span> <span class='ocrx_word' id='word_1_870' title='bbox 1606 5549 1727 5619; x_wconf 82' lang='lat' dir='ltr'>exempla</span> <span class='ocrx_word' id='word_1_871' title='bbox 1740 5548 1810 5619; x_wconf 85' lang='lat' dir='ltr'>quod</span> <span class='ocrx_word' id='word_1_872' title='bbox 1825 5547 1911 5602; x_wconf 89' lang='lat' dir='ltr'>saucit</span> <span class='ocrx_word' id='word_1_873' title='bbox 1923 5547 1934 5578; x_wconf 84' lang='lat'><strong>¹</strong></span> <span class='ocrx_word' id='word_1_874' title='bbox 1945 5586 1954 5612; x_wconf 92' lang='lat'>,</span> <span class='ocrx_word' id='word_1_875' title='bbox 1967 5555 1995 5601; x_wconf 93' lang='lat' dir='ltr'>et</span> <span class='ocrx_word' id='word_1_876' title='bbox 2006 5545 2073 5602; x_wconf 85' lang='lat' dir='ltr'>dicit</span> 
     </span>
     <span class='ocr_line' id='line_1_116' title="bbox 1276 5632 2072 5713; baseline -0.006 -19"><span class='ocrx_word' id='word_1_877' title='bbox 1276 5643 1336 5713; x_wconf 83' lang='lat' dir='ltr'>qnia</span> <span class='ocrx_word' id='word_1_878' title='bbox 1348 5640 1459 5696; x_wconf 86' lang='lat' dir='ltr'>siluerit</span> <span class='ocrx_word' id='word_1_879' title='bbox 1473 5639 1485 5672; x_wconf 86' lang='lat'>⁸</span> <span class='ocrx_word' id='word_1_880' title='bbox 1498 5639 1579 5694; x_wconf 82' lang='lat' dir='ltr'>borno</span> <span class='ocrx_word' id='word_1_881' title='bbox 1592 5638 1804 5708; x_wconf 82' lang='lat' dir='ltr'>omuesjustitiae</span> <span class='ocrx_word' id='word_1_882' title='bbox 1817 5632 1920 5707; x_wconf 86' lang='lat' dir='ltr'>species</span> <span class='ocrx_word' id='word_1_883' title='bbox 1931 5634 2072 5704; x_wconf 78' lang='lat' dir='ltr'>impolluta</span> 
     </span>
     <span class='ocr_line' id='line_1_117' title="bbox 1276 5726 2073 5800; baseline -0.011 -13"><span class='ocrx_word' id='word_1_884' title='bbox 1276 5732 1420 5788; x_wconf 88' lang='lat' dir='ltr'>deuotione</span> <span class='ocrx_word' id='word_1_885' title='bbox 1440 5730 1612 5794; x_wconf 90' lang='lat' dir='ltr'>custodiens,</span> <span class='ocrx_word' id='word_1_886' title='bbox 1633 5739 1660 5785; x_wconf 92' lang='lat' dir='ltr'>et</span> <span class='ocrx_word' id='word_1_887' title='bbox 1673 5728 1716 5784; x_wconf 92' lang='lat' dir='ltr'>bic</span> <span class='ocrx_word' id='word_1_888' title='bbox 1729 5729 1848 5800; x_wconf 87' lang='lat' dir='ltr'>genuerit</span> <span class='ocrx_word' id='word_1_889' title='bbox 1863 5727 1946 5781; x_wconf 88' lang='lat' dir='ltr'>lilirrm</span> <span class='ocrx_word' id='word_1_890' title='bbox 1960 5726 2006 5796; x_wconf 85' lang='lat' dir='ltr'>qui</span> <span class='ocrx_word' id='word_1_891' title='bbox 2022 5740 2073 5796; x_wconf 86' lang='lat' dir='ltr'>pe-</span> 
     </span>
     <span class='ocr_line' id='line_1_118' title="bbox 1277 5816 2073 5889; baseline -0.008 -11"><span class='ocrx_word' id='word_1_892' title='bbox 1277 5823 1430 5879; x_wconf 88' lang='lat' dir='ltr'>stilentibus</span> <span class='ocrx_word' id='word_1_893' title='bbox 1449 5821 1568 5876; x_wconf 88' lang='lat' dir='ltr'>nrnribus</span> <span class='ocrx_word' id='word_1_894' title='bbox 1586 5819 1767 5885; x_wconf 81' lang='lat' dir='ltr'>adlrarescat,</span> <span class='ocrx_word' id='word_1_895' title='bbox 1786 5829 1865 5889; x_wconf 80' lang='lat' dir='ltr'>atque</span> <span class='ocrx_word' id='word_1_896' title='bbox 1883 5819 1917 5874; x_wconf 90' lang='lat' dir='ltr'>ab</span> <span class='ocrx_word' id='word_1_897' title='bbox 1931 5816 2073 5874; x_wconf 87' lang='lat' dir='ltr'>itineribus</span> 
     </span>
    </p>
   </div>
   <div class='ocr_carea' id='block_1_9' title="bbox 1311 6015 1946 6203">
    <p class='ocr_par' dir='ltr' id='par_1_18' title="bbox 1311 6015 1946 6203">
     <span class='ocr_line' id='line_1_119' title="bbox 1312 6015 1517 6074; baseline 0.024 -9"><span class='ocrx_word' id='word_1_898' title='bbox 1312 6019 1319 6049; x_wconf 74' lang='lat'><strong>¹</strong></span> <span class='ocrx_word' id='word_1_899' title='bbox 1333 6024 1373 6066; x_wconf 66' lang='lat' dir='ltr'>us.</span> <span class='ocrx_word' id='word_1_900' title='bbox 1385 6024 1457 6074; x_wconf 50' lang='lat' dir='ltr'>&#39;’md-p</span> <span class='ocrx_word' id='word_1_901' title='bbox 1469 6015 1517 6070; x_wconf 60' lang='lat' dir='ltr'>mse</span> 
     </span>
     <span class='ocr_line' id='line_1_120' title="bbox 1311 6073 1946 6138; baseline -0.002 -12"><span class='ocrx_word' id='word_1_902' title='bbox 1311 6079 1406 6138; x_wconf 53' lang='lat' dir='ltr'>’mnu</span> <span class='ocrx_word' id='word_1_903' title='bbox 1426 6077 1505 6127; x_wconf 71' lang='lat' dir='ltr'>munt.</span> <span class='ocrx_word' id='word_1_904' title='bbox 1516 6076 1576 6126; x_wconf 85' lang='lat' dir='ltr'>rtur.</span> <span class='ocrx_word' id='word_1_905' title='bbox 1590 6085 1662 6135; x_wconf 83' lang='lat' dir='ltr'>nort..</span> <span class='ocrx_word' id='word_1_906' title='bbox 1678 6077 1763 6130; x_wconf 80' lang='lat' dir='ltr'>smcir.</span> <span class='ocrx_word' id='word_1_907' title='bbox 1778 6083 1825 6126; x_wconf 70' lang='grc' dir='ltr'>ιιι</span> <span class='ocrx_word' id='word_1_908' title='bbox 1837 6073 1946 6137; x_wconf 64' lang='lat' dir='ltr'>,sm</span> 
     </span>
     <span class='ocr_line' id='line_1_121' title="bbox 1313 6138 1666 6203; baseline -0.006 -13"><span class='ocrx_word' id='word_1_909' title='bbox 1313 6140 1325 6173; x_wconf 81' lang='lat'>⁸</span> <span class='ocrx_word' id='word_1_910' title='bbox 1335 6141 1371 6190; x_wconf 81' lang='lat' dir='ltr'>sie</span> <span class='ocrx_word' id='word_1_911' title='bbox 1381 6145 1435 6190; x_wconf 81' lang='grc' dir='ltr'><strong>Ιεε.</strong></span> <span class='ocrx_word' id='word_1_912' title='bbox 1445 6148 1473 6190; x_wconf 84' lang='lat' dir='ltr'>nt</span> <span class='ocrx_word' id='word_1_913' title='bbox 1484 6141 1563 6203; x_wconf 78' lang='lat' dir='ltr'>vign,</span> <span class='ocrx_word' id='word_1_914' title='bbox 1574 6138 1666 6200; x_wconf 72' lang='lat' dir='ltr'>lecerit.</span> 
     </span>
    </p>
   </div>
   <div class='ocr_carea' id='block_1_10' title="bbox 0 0 2495 6884">
    <p class='ocr_par' dir='ltr' id='par_1_19' title="bbox 0 0 2495 6884">
     <span class='ocr_line' id='line_1_122' title="bbox 0 0 2495 6884; baseline 0 0"><span class='ocrx_word' id='word_1_915' title='bbox 0 0 2495 6884; x_wconf 95' lang='lat' dir='ltr'> </span> 
     </span>
    </p>
   </div>
  </div>
 </body>
</html>
