4900 6892
410 727 479 787 tati

407 843 525 898 validum
545 841 754 898 essetadversus
769 854 817 897 cus
838 839 1028 906 testimouium,
1049 841 1100 896 nisi
1119 841 1198 896 etiam

410 933 499 990 Libris
523 932 670 998 carronicis,
698 920 765 1001 qous
790 930 944 1001 accipiunt,
968 929 1096 1000 quasdam
1122 929 1200 985 laisas

407 1023 556 1079 seutentms
574 1021 719 1092 permixtas
733 1034 794 1076 esse
807 1019 1008 1075 contenderent.
1023 1022 1062 1075 lle
1085 1034 1134 1090 per
1149 1019 1201 1076 buc

405 1112 441 1169 de
454 1111 573 1167 bonitate
586 1119 766 1166 creaturamm
778 1124 885 1178 semper
898 1117 960 1164 sunt
978 1108 1100 1180 urgendi,
1113 1119 1141 1163 ut
1152 1123 1199 1165 ea·

406 1217 467 1258 rum
480 1203 580 1258 bonum
595 1202 688 1266 bearn,
701 1200 773 1270 quud
784 1209 891 1270 negant,
908 1198 1040 1255 lateantor
1050 1210 1198 1255 auctorem.

409 1291 494 1350 Porro
501 1302 632 1347 creaturas
645 1304 739 1346 omnes
752 1290 787 1344 ita
802 1303 863 1344 suut
875 1290 962 1357 bonae,
978 1299 1007 1344 ιιι
1016 1293 1097 1345 etlam
1118 1290 1198 1358 ipsas,

408 1397 467 1452 quae
483 1396 543 1437 cum
554 1382 624 1435 vitiis
636 1391 772 1444 creantur,
784 1380 852 1434 ratio
864 1379 946 1434 bonas
955 1379 1197 1444 essedemonstret,

406 1471 526 1544 ipsorum
547 1485 653 1540 quoque
670 1468 841 1524 attestatione
857 1468 1001 1534 vitiorum;
1026 1469 1087 1538 quia
1106 1469 1199 1523 vitium

404 1570 497 1618 contra
512 1571 633 1617 naturam
643 1568 686 1615 est
700 1577 708 1614 z
722 1560 771 1614 nisi
782 1559 853 1614 enim
871 1568 964 1614 natura
981 1558 1038 1629 lpse
1057 1568 1130 1614 recte
1144 1559 1201 1628 pla·

404 1663 489 1720 ueret,
504 1654 576 1709 uollo
589 1652 669 1707 modo
679 1661 751 1708 recte
762 1651 845 1722 ipsius
854 1651 946 1706 vitium
958 1650 1124 1720 displiceret.
1144 1651 1200 1706 lloc

404 1728 498 1802 contra't
509 1745 680 1812 Manichacus,
695 1744 740 1815 qui
753 1752 846 1813 putant
867 1743 947 1799 etiarn
966 1742 1021 1813 ipsa
1039 1743 1102 1797 vitia
1123 1752 1199 1796 natu-

405 1853 451 1894 ras
475 1853 535 1893 esse
560 1848 639 1907 atque
664 1836 844 1902 substantias,
868 1836 895 1890 in
917 1834 1074 1905 quibusdam
1100 1835 1200 1890 nostris

404 1929 541 2000 opusculis
555 1928 689 1998 copiosius
707 1927 866 1996 disputatur,
884 1925 1085 1996 ostenditurque
1107 1925 1198 1980 vitium

405 2028 500 2076 natura
520 2035 573 2075 nun
592 2033 671 2084 esse;
691 2027 718 2072 et
730 2017 791 2087 quia
806 2024 897 2071 cunno
918 2023 1039 2070 naturam
1065 2022 1116 2081 est,
1139 2014 1198 2068 ideo

405 2111 504 2167 malum
519 2125 596 2177 esse3
613 2123 645 2164 ae
660 2123 707 2179 per
721 2107 773 2164 boc
786 2116 909 2163 naturam
924 2107 1091 2177 inquantum
1105 2113 1198 2159 natura

405 2209 457 2269 est,
470 2202 638 2257 bonumesse
653 2217 660 2253 τ
677 2198 748 2253 uude
759 2197 900 2268 colligitur,
913 2210 968 2252 non
977 2209 1037 2251 esse
1049 2205 1198 2252 creatorem

405 2300 559 2346 naturarum
578 2291 629 2346 nisi
644 2298 791 2345 creatorem
807 2288 949 2352 bonorum,
971 2301 1002 2342 ac
1017 2302 1065 2357 per
1082 2286 1133 2342 buc
1149 2287 1198 2341 bo-

405 2399 488 2449 num;
504 2384 550 2438 sed
564 2382 694 2437 creaturis
710 2381 766 2436 suls
780 2394 874 2451 magua
889 2378 1038 2434 differentia
1051 2386 1078 2433 et
1094 2392 1197 2433 summa

404 2474 524 2530 bonitate
538 2474 689 2537 meliorem,
702 2471 747 2542 qui
756 2487 809 2526 non
822 2479 909 2541 potest
918 2470 1028 2525 omnino
1036 2468 1133 2534 vitiari,
1145 2482 1197 2522 non

403 2564 578 2635 perceptione
591 2562 684 2632 gratiae
696 2562 716 2627 ¹,
730 2559 779 2616 sed
793 2560 957 2630 proprietate
970 2569 1080 2614 nature.
1092 2557 1199 2614 Nature

402 2655 486 2726 igitur
499 2662 606 2718 creatae,
621 2652 678 2707 sive
690 2666 749 2722 quac
762 2649 820 2704 sine
833 2649 898 2704 vitio
917 2656 990 2715 sunt,
1004 2648 1064 2702 sive
1076 2662 1136 2717 quae
1148 2660 1198 2700 aa·

403 2751 439 2800 te
452 2745 590 2807 vitiantur,
604 2743 661 2797 sive
675 2756 735 2812 qum
749 2740 846 2795 vitiatae
860 2747 1020 2803 nascuntur,
1034 2737 1108 2792 illum
1122 2752 1198 2792 crea·

404 2843 490 2890 torem
505 2833 554 2888 nisi
570 2835 652 2888 eum¹
667 2832 713 2902 qui
728 2829 993 2893 bovracreat,lrabere
1003 2842 1056 2882 nun
1068 2837 1196 2898 possunt;

403 2924 464 2996 quia
479 2924 505 2979 in
516 2932 642 2994 quantum
658 2931 760 2976 naturae
770 2929 842 2983 sunt,
855 2920 931 2974 boum
943 2927 1016 2984 sunt,
1031 2919 1112 2974 etiam
1122 2933 1197 2989 quae·

403 3029 518 3086 cumque
530 3013 628 3069 vitiata
638 3020 709 3068 sunt.
720 3010 779 3066 Nou
792 3011 862 3066 enim
878 3009 1070 3075 victurumsed
1088 3016 1197 3063 natura·

404 3121 465 3161 rom
478 3113 634 3170 auctorest,
649 3110 754 3158 creator
767 3098 957 3156 illarumllam
977 3108 1005 3155 ιι
1025 3107 1118 3154 auctor
1140 3098 1197 3166 ipse

403 3195 531 3251 vitiorum
546 3202 640 3249 natura
656 3193 804 3259 bonusest,
820 3204 900 3261 quum
916 3190 986 3245 lietu
997 3188 1078 3251 iecit:
1098 3189 1145 3243 sed
1160 3187 1199 3241 vi·

405 3286 443 3342 tio
457 3285 543 3340 malus
555 3293 606 3351 cst,
622 3299 675 3354 quo
687 3274 743 3353 ip'se
761 3296 774 3336 a
787 3281 858 3336 buno
871 3279 1009 3336 conditore
1021 3280 1089 3334 mala
1105 3278 1199 3332 volun·

404 3382 459 3431 tate
472 3373 579 3429 deiecit.
600 3372 691 3443 ltaque
705 3370 912 3426 bantetvaeorun
927 3383 1046 3424 errorem
1066 3369 1134 3423 ratio
1148 3367 1197 3422 ista

405 3481 467 3523 vera
483 3463 627 3531 convincit,
639 3464 683 3534 qui
698 3460 791 3516 nolunt
803 3460 923 3530 recipere
937 3458 1130 3523 auctoritatem,
1142 3458 1198 3513 sive

403 3571 456 3628 qua
467 3556 568 3611 dictum
583 3563 634 3622 est,
652 3553 722 3608 Fecit
736 3553 804 3607 Deus
816 3551 910 3616 omnia,
924 3559 948 3605 ιι
961 3567 1016 3606 ecce
1027 3550 1093 3605 buna
1106 3550 1196 3619 ualde,

403 3647 512 3719 quamn
527 3646 613 3702 adbuc
624 3645 725 3699 nullum
739 3653 797 3699 erat
813 3644 911 3698 malum
927 3658 935 3708 ;
951 3642 1007 3697 sire
1026 3657 1077 3713 qua
1097 3641 1197 3698 dictum

402 3746 455 3807 est,
469 3735 558 3792 Omnis
570 3733 739 3791 aequatio
752 3734 817 3788 bono
827 3741 874 3800 est,
888 3731 994 3802 quando
1010 3731 1066 3802 jam
1076 3740 1135 3787 erat
1147 3732 1198 3787 boc

402 3828 531 3885 seculum
543 3826 653 3893 malum,
668 3840 729 3880 cunr
743 3824 814 3879 Deus
825 3824 860 3877 sit
877 3821 970 3893 utique
980 3820 1064 3876 iactor
1076 3821 1195 3877 omnium

402 3917 572 3975 occulorum.
584 3915 622 3970 Tu
636 3922 738 3980 autem,
751 3913 796 3983 qni
811 3911 878 3966 lvanc
898 3910 996 3981 recipis
1010 3910 1196 3966 auctoritatem

402 4008 554 4065 divinorum
568 4007 745 4076 eloquiorum,
761 4014 790 4058 ut
810 4018 841 4059 ea
863 4003 959 4058 merito
984 4001 1069 4072 possis
1096 4002 1195 4071 urgeri,

401 4114 450 4156 cur
464 4115 518 4154 uon
528 4097 644 4172 attendis
659 4098 685 4151 in
698 4111 731 4151 ιο
745 4096 823 4161 libro,
836 4095 879 4149 ubi
895 4093 991 4164 legitur
1003 4094 1086 4149 licum
1100 4092 1197 4148 iecisse

400 4192 492 4248 urnnia
520 4189 589 4246 bona
611 4188 710 4251 valde,
736 4186 855 4242 omnium
882 4185 1001 4240 lucorum
1027 4185 1157 4253 optimum
1186 4182 1196 4215 ⁸

401 4283 549 4353 plantatum
563 4295 622 4336 csse
636 4278 798 4349 paradisum,
813 4276 857 4332 ubi
872 4276 941 4331 licus
953 4290 1036 4346 osque
1050 4273 1118 4329 adeo
1131 4273 1196 4329 nibil

401 4371 465 4428 mali
481 4386 541 4427 esse
552 4370 644 4434 voluit,
659 4377 687 4424 ιιι
701 4384 751 4424 uec
765 4367 907 4436 imaginem
918 4382 993 4421 suam
1010 4367 1044 4421 ibi
1059 4380 1119 4421 esse
1136 4381 1197 4435 per-

401 4463 530 4529 mitteret,
542 4470 713 4532 posteaquam
726 4459 832 4530 propria
843 4456 978 4513 voluntate
988 4457 1109 4528 peccavit
1118 4455 1194 4526 (Gen.

401 4551 482 4620 n,·8;
494 4550 588 4617 ruste,
601 4549 668 4622 ill?
689 4548 723 4604 Et
747 4556 835 4604 tarueu
851 4562 898 4602 vos
918 4548 944 4602 iu
960 4556 1041 4603 tante
1057 4546 1196 4606 felicitatis

401 4654 430 4701 et
444 4643 548 4698 decoris
563 4642 661 4709 locum,
675 4641 719 4696 ubi
745 4654 794 4695 nec
815 4638 889 4710 ligni,
906 4652 955 4694 nec
975 4637 1041 4704 leni,
1053 4637 1194 4708 norperti,

402 4749 453 4790 nce
467 4733 624 4805 cujusquam
638 4732 679 4788 vel
691 4729 774 4801 lrugis
783 4728 826 4784 vel
838 4727 942 4800 peeoris
963 4727 1056 4783 vitium
1071 4740 1130 4782 esse
1146 4740 1196 4795 po-

403 4825 487 4881 tuisse
509 4825 552 4880 vel
568 4837 647 4894 posse
668 4819 831 4876 credendum
844 4827 895 4882 cst,
915 4816 1003 4871 omnia
1018 4816 1195 4871 bumanorum

401 4929 546 4985 corporum
560 4923 587 4969 et
598 4911 766 4984 ingeniorum
776 4909 840 4964 vitia
854 4923 907 4963 nun
917 4905 1043 4962 dubitatis
1056 4905 1194 4969 iuducere,

401 5019 463 5060 cum
476 5004 572 5074 quibus
585 5002 709 5058 homines
725 5000 809 5062 nasci.
824 4999 916 5054 dolere
932 5010 982 5051 vos
1001 4995 1123 5060 sinimus,
1142 5010 1196 5049 non

402 5109 510 5166 negare.
526 5093 641 5150 Necesse
654 5101 696 5148 est
705 5091 776 5147 enim
785 5099 813 5145 ut
822 5088 944 5154 doleatis,
959 5085 1064 5158 quando
1077 5086 1139 5156 quid
1152 5102 1196 5141 rc·

400 5184 557 5257 spondeatis
571 5199 624 5239 non
640 5165 779 5248 invenitis,
796 5189 824 5236 et
845 5188 898 5235 ιιιιι
913 5192 1020 5248 pravam
1034 5178 1194 5234 seutentiam

401 5285 507 5331 mutme
522 5291 574 5330 non
597 5274 685 5338 ruitis,
711 5286 771 5343 qua
797 5284 845 5325 vos
872 5266 1016 5323 inevitabili
1037 5267 1195 5323 necessimte

400 5366 539 5438 compellit
553 5366 580 5421 in
593 5366 653 5420 locu
668 5371 748 5419 mute
760 5358 932 5418 beatitudiuis
952 5365 979 5412 ct
991 5355 1195 5427 pulchritudiuis

400 5459 567 5514 constituere
591 5468 688 5520 caecos,
714 5453 814 5515 luscos,
841 5449 938 5520 lippos,
965 5446 1073 5511 surdus,
1096 5454 1194 5514 motus,

399 5548 513 5607 claudos
524 5549 546 5616 ⁸,
557 5546 699 5612 deformes,
711 5545 848 5606 distortus,
864 5541 992 5606 tineosos,
1007 5540 1138 5609 leprosos,
1150 5552 1196 5608 pa·

400 5641 538 5713 ralyticus,
551 5636 716 5708 epilepticus,
731 5643 759 5689 et
769 5632 829 5686 aliis
838 5629 954 5686 diversis
965 5628 1110 5700 generibus
1120 5628 1196 5683 vitio·

400 5746 457 5794 sos,
471 5726 700 5800 atquealiquando
710 5725 790 5780 ctiam
800 5723 878 5778 nimia
892 5720 1013 5778 loeditate
1027 5730 1054 5777 et
1065 5719 1197 5775 membro-

433 5885 442 5917 ¹
461 5889 535 5932 vetus
546 5881 623 5931 codex
635 5879 705 5940 clar,
716 5876 883 5943 preceptione.

433 5947 496 5995 'alc
515 5943 596 6002 Μοιιι,
612 5941 686 5991 ilem.
706 5943 773 6001 trit,
789 5954 813 6004 p.
836 5939 891 6000 bili,
908 5937 983 5989 ιιιιιιιιι
1001 5941 1134 5988 creatorem
1150 5936 1198 5988 nisi

401 6013 539 6118 “Pqffl'lg'g
554 6072 627 6124 tort,
637 6063 734 6129 opiirnu.

432 6130 445 6164 ⁸
458 6128 589 6196 sequentia
597 6139 643 6177 ser
655 6124 769 6177 vocabula
777 6125 824 6174 buc
832 6136 973 6174 revocantes
983 6137 1013 6173 cr
1023 6125 1195 6188 narrmiptia.

1099 727 1201 785 tisun
1220 727 1363 787 sarnus.
1668 736 1699 766 ,ι

1973 732 2041 788 1558

1253 857 1312 897 rum
1328 843 1447 899 lvorribili
1462 845 1577 902 novitate
1596 857 1789 904 monstruosos.
1811 849 1879 918 Quid
1901 850 1987 907 dicam
2007 848 2043 904 de

1252 934 1323 988 vitiis
1347 935 1507 1001 animorum,
1522 938 1618 1007 quibus
1636 950 1697 994 suut
1711 939 1816 1009 quidam
1841 952 1934 997 natura
1955 942 2041 999 libidi-

1252 1025 1321 1089 nusi,
1337 1026 1444 1095 quidam
1466 1028 1595 1093 iracundi,
1618 1030 1723 1098 qnidam
1751 1032 1909 1099 meticulosi,
1934 1034 2041 1103 quidam

1251 1115 1384 1182 obliviosi,
1397 1117 1503 1186 quidam
1519 1117 1692 1181 tardicordes.
1704 1121 1811 1190 quidam
1823 1121 1951 1178 excordes
1963 1133 2042 1194 atque

1252 1204 1288 1258 ita
1310 1203 1386 1271 latui,
1401 1216 1429 1260 ιιι
1443 1206 1520 1260 ιιιιιιι
1534 1206 1614 1261 ιιοιιιο
1630 1223 1690 1262 ιοιιι
1711 1209 1867 1278 quibusdam
1892 1214 2040 1281 pecoribus,

1251 1306 1330 1362 (ιιιιιιι
1345 1309 1405 1348 cum
1433 1295 1529 1350 talibus
1544 1296 1693 1353 bominibus
1716 1301 1824 1354 vivere?
1837 1302 1913 1356 Adde
1930 1304 2043 1372 gerrritut

1252 1385 1422 1452 parientium,
1444 1387 1574 1457 fletusque
1599 1389 1773 1455 nascentium,
1792 1392 1925 1447 cruciatus
1949 1393 2043 1448 dolen·

1251 1474 1317 1529 tium
1329 1515 1337 1541 ,
1351 1477 1531 1546 languentium
1544 1477 1668 1543 labores,
1684 1488 1814 1534 tormenta
1830 1482 1911 1535 multa
1927 1485 2044 1538 nturien-

1251 1568 1328 1628 bum,
1342 1574 1369 1619 et
1383 1566 1499 1634 pericula
1511 1567 1593 1620 multu
1606 1568 1680 1636 plura
1695 1569 1849 1624 viventium.
1866 1571 1928 1627 liaec
1942 1574 2041 1634 omnia.

1251 1661 1331 1723 atque
1345 1655 1396 1708 alia
1413 1655 1484 1719 talia,
1500 1655 1557 1710 sive
1568 1656 1668 1726 pejora,
1680 1673 1740 1727 quae
1750 1659 1839 1714 vorbis
1852 1662 1978 1731 congruis
1991 1662 2043 1716 sal·

1252 1751 1305 1798 ιιιιι
1326 1744 1444 1799 breviter
1464 1759 1676 1800 commemorare
1693 1747 1752 1816 quis
1764 1747 1881 1804 solliciti
1895 1751 2041 1806 secuudum

1250 1848 1369 1888 errorem
1381 1842 1508 1899 vestrum,
1520 1835 1566 1888 sed
1579 1834 1656 1903 plane
1668 1845 1760 1891 contra
1773 1838 1898 1908 pudorem
1909 1852 2038 1903 vestrum.

1249 1933 1296 1979 aot
1308 1924 1395 1979 ironte
1408 1925 1614 1994 improbissima,
1628 1936 1673 1981 aut
1688 1944 1767 1983 manu
1776 1930 1855 1986 irunti
1867 1935 2000 2002 opposita,
2016 1936 2042 1989 in

1243 2015 1297 2071 ‘liei
1312 2013 1434 2084 paradiso
1447 2014 1571 2086 cogimini
1588 2017 1737 2084 collocare,
1759 2031 1786 2074 et
1798 2020 1888 2077 dicere
1910 2021 1998 2077 lotura
2013 2034 2042 2079 ιι

1250 2104 1285 2160 ιιι
1299 2104 1459 2172 incoluisse,
1472 2106 1576 2160 etiarnsi
1588 2122 1667 2162 nemu
1678 2118 1825 2178 peccasset.
1837 2111 1932 2178 Dicite,
1942 2113 2021 2169 dicite
2034 2130 2041 2167 a

1249 2209 1298 2250 cur
1310 2195 1382 2250 enim
1393 2196 1567 2251 revereamini
1580 2195 1758 2254 debonestare
1774 2207 1813 2253 tut
1826 2215 1859 2254 ac
1877 2203 1956 2255 tantis
1972 2202 2043 2256 vitiis

1249 2292 1276 2339 et
1287 2283 1482 2339 calamitatibus
1493 2284 1592 2351 locum,
1604 2300 1683 2355 quem
1699 2287 1801 2342 nelarie
1810 2289 1958 2358 dogmatos
1968 2291 2043 2346 vobis

1249 2372 1336 2429 iaeitis
1348 2375 1463 2429 alienum
1474 2375 1486 2427 l
1496 2372 1562 2427 Nam
1575 2375 1597 2428 si
1610 2376 1752 2445 aliquando
1766 2377 1828 2432 illuc
1841 2378 1941 2434 intrare
1951 2379 2042 2450 dispu-

1249 2464 1358 2528 neretis,
1373 2478 1508 2533 nurrquam
1523 2463 1577 2518 illic
1591 2464 1652 2519 talia
1678 2468 1824 2535 poneretis.
1851 2469 1905 2524 ιιιιι
1924 2470 1946 2524 si
1961 2471 2044 2527 vincit

1250 2552 1338 2623 pudor
1350 2555 1378 2607 iu
1392 2552 1518 2608 cordibus
1529 2555 1636 2619 restris,
1654 2564 1681 2610 ιι
1695 2555 1721 2609 in
1734 2556 1795 2611 loco
1809 2558 1854 2611 tali
1870 2559 1931 2613 talia
1944 2562 2044 2616 consti-

1250 2649 1326 2698 tuere
1337 2642 1502 2708 erubescitis,
1514 2642 1678 2708 horrescitis,
1695 2646 1878 2703 obmutescitis
1891 2690 1898 2713 ,
1913 2656 1942 2704 ιι
1954 2659 2043 2707 tamen

1249 2733 1335 2788 errori
1346 2740 1445 2799 vestro,
1460 2747 1513 2803 quo
1534 2748 1587 2787 non
1610 2734 1719 2790 creditis
1746 2735 1889 2791 itomanam
1914 2749 2037 2796 naturam

1249 2826 1328 2896 primi
1352 2824 1468 2880 bominis
1486 2827 1703 2896 prevaricatione
1726 2831 1843 2885 vitiatam
1867 2834 2038 2901 pertinaciter

1248 2917 1430 2972 adhaerescitis
1441 2933 1448 2982 ;
1460 2921 1620 2989 respondete
1631 2919 1782 2975 blanicbaeis
1792 2922 1863 2977 unde
1872 2923 1925 2977 sint
1935 2924 1997 2992 ista,
2009 2940 2043 2981 ne

1249 3009 1288 3064 illi
1301 3023 1332 3062 ea
1346 3008 1380 3064 de
1393 3011 1583 3065 commistione
1601 3010 1696 3065 alienae
1715 3012 1844 3082 malaeque
1865 3023 1967 3070 naturae
1983 3030 2044 3072 esse

1248 3100 1419 3155 concludant.
1436 3102 1456 3154 Α
1473 3100 1549 3155 nobis
1573 3102 1644 3154 civim
1664 3117 1724 3157 cum
1748 3100 1798 3158 buc
1823 3106 1976 3175 requiritur,
2000 3122 2044 3162 re·

1249 3189 1412 3260 spondemus
1428 3204 1480 3245 nun
1494 3191 1551 3245 bace
1565 3207 1625 3247 esse
1635 3192 1670 3247 de
1684 3193 1864 3262 permixtione
1876 3196 1979 3262 alicam,
1995 3197 2043 3252 sed

1249 3278 1284 3334 de
1298 3289 1397 3334 nostrae
1423 3281 1640 3348 prevaricatione
1660 3291 1771 3351 tratura,
1799 3298 1847 3353 per
1868 3300 1929 3340 eum
1948 3287 1993 3356 qui
2012 3288 2040 3340 in

1249 3370 1373 3441 paradiso
1397 3370 1525 3440 deiectus,
1551 3383 1576 3427 et
1591 3373 1625 3427 dc
1640 3373 1763 3442 paradiso
1777 3373 1879 3442 ejectus
1892 3383 1944 3438 est,
1963 3391 1997 3429 ne
2011 3375 2038 3429 in

1249 3460 1488 3517 lucubeatitudinis
1502 3473 1622 3518 maneret
1636 3473 1727 3517 oritura
1743 3463 1877 3528 damnata,
1890 3475 1917 3518 et
1928 3465 2041 3521 vitiavel

1249 3553 1388 3622 supplicia,
1404 3567 1462 3623 quac
1474 3565 1595 3623 posteros
1605 3553 1663 3618 ejus
1678 3553 1773 3607 merito
1788 3551 1892 3607 inerant
1906 3563 2040 3618 secutura,

1249 3641 1276 3698 in
1288 3657 1321 3697 co
1335 3643 1394 3698 locu
1406 3653 1513 3710 esseut,
1527 3643 1572 3698 ubi
1586 3643 1656 3696 nulla
1673 3657 1734 3698 esse
1753 3643 1878 3697 sinuntur
1889 3644 1968 3698 maia.
1990 3644 2041 3700 liare

1248 3741 1337 3788 autem
1350 3734 1413 3789 dum
1425 3734 1526 3805 negatis
1540 3735 1589 3789 ista
1602 3733 1644 3789 rel
1658 3731 1787 3789 debrrrnia
1797 3734 1840 3789 rel
1849 3750 1998 3789 erumnose
2007 3735 2041 3790 de

1248 3826 1352 3882 meritis
1362 3826 1460 3881 vitiatas
1473 3836 1572 3881 nostras
1587 3836 1688 3880 naturae
1700 3826 1806 3890 venire,
1823 3826 2040 3882 commixtionem

1249 3917 1404 3986 permittitis
1424 3916 1528 3983 alienae,
1550 3925 1630 3988 atque
1652 3918 1687 3971 ita
1715 3917 1805 3972 miseri
1832 3925 1860 3972 et
1883 3915 2042 3973 llanicbasos

1247 4005 1375 4077 adjurare
1388 4007 1525 4078 cogimini,
1540 4015 1567 4062 et
1583 4008 1650 4061 mala
1665 4008 1710 4060 illa
1725 4007 1751 4061 in
1772 4007 1921 4077 paradisum
1935 4016 2042 4063 revooet

1246 4112 1326 4154 error
1337 4106 1435 4163 vester,
1444 4096 1514 4152 aride
1526 4097 1568 4150 ilia
1579 4097 1724 4151 abstulerat
1737 4095 1822 4164 pudor
1836 4106 1934 4151 vester.

1283 4187 1365 4243 xttl.
1384 4187 1443 4242 luc.
1465 4189 1500 4241 llt
1517 4197 1610 4241 covrtra
1630 4188 1690 4241 vide
1713 4201 1793 4256 qnam
1819 4186 1949 4241 adversus
1970 4195 1997 4241 te
2013 4196 2042 4242 et

1248 4278 1432 4344 llauielraeum,
1443 4277 1518 4348 eujus
1533 4286 1559 4333 ιι
1578 4292 1685 4346 semper
1700 4278 1775 4331 mina
1796 4277 1939 4341 convolvit,
1961 4293 2041 4332 rems

1248 4370 1284 4426 sit
1298 4369 1373 4425 nobis
1391 4369 1542 4433 cunliictus,
1555 4377 1582 4424 et
1595 4369 1628 4423 de
1641 4383 1674 4423 ιο
1685 4368 1756 4423 celer
1769 4367 1928 4438 triumphus.
1944 4369 2040 4425 Omnia

1248 4462 1305 4526 illa,
1323 4479 1383 4533 quae
1397 4463 1423 4517 in
1445 4461 1664 4531 vituperationem
1691 4460 1775 4515 divini
1800 4461 1889 4530 operis
1909 4463 2039 4527 evomuit,

1248 4553 1341 4623 primae
1361 4553 1450 4607 sertim
1478 4549 1640 4606 delinitionis
1664 4559 1754 4605 aratro
1780 4550 2040 4621 circumscribimns;

1248 4643 1420 4714 cogimusque
1432 4652 1459 4696 nt
1474 4641 1598 4710 explicet,
1623 4640 1686 4710 quid
1714 4649 1787 4710 putet
1809 4655 1869 4695 esse
1890 4652 2039 4711 peccatum,

1247 4736 1318 4806 quod
1334 4735 1416 4789 claret
1427 4734 1492 4788 nibil
1507 4748 1567 4788 esse
1578 4732 1661 4798 alind,
1677 4748 1755 4800 quam
1778 4731 1939 4787 voluntatem
1956 4747 2039 4803 appre-

1249 4834 1349 4881 tentem
1363 4824 1434 4894 quud
1445 4824 1546 4893 justitia
1562 4830 1643 4884 vetat,
1654 4830 1682 4875 ιι
1695 4820 1765 4876 unde
1779 4821 1892 4875 liberum
1905 4831 1946 4876 est
1959 4821 2040 4876 absti-

1248 4931 1322 4971 nere.
1336 4915 1395 4983 eru
1407 4915 1560 4980 constituto,
1579 4910 1730 4993 umneslilli
1752 4911 1950 4966 oblocutionum
1967 4913 2036 4977 rubi,

1247 5007 1293 5078 qui
1303 5006 1500 5061 concretionem
1513 5017 1656 5072 corporum
1675 5011 1849 5071 pupugerant,
1862 5001 1999 5068 radicitus,
2013 5013 2041 5058 et

1248 5106 1275 5152 ut
1285 5098 1327 5152 ille
1337 5099 1383 5161 ait,
1394 5095 1536 5151 eradicitus
1546 5102 1727 5149 monstrantur
1737 5094 1822 5148 evulsi
1837 5092 1948 5164 (Cicero,
1963 5096 2007 5150 lib.
2022 5096 2041 5151 2

1248 5189 1281 5244 de
1294 5185 1423 5259 Firubvts).
1437 5185 1496 5240 iam
1511 5199 1574 5240 vero
1588 5185 1700 5240 allectus
1722 5184 1826 5238 timoris
1837 5193 1864 5240 et
1881 5199 1977 5239 sensus
1990 5185 2039 5241 do-

1248 5282 1324 5349 loris,
1337 5296 1385 5350 per
1396 5294 1463 5350 qnos
1477 5279 1503 5333 in
1517 5276 1652 5347 naufragia
1663 5275 1801 5330 bominum
1822 5275 1886 5331 cleri
1898 5286 2041 5348 tempesta-

1249 5383 1302 5430 tem
1319 5373 1428 5444 putsvit,
1443 5386 1496 5427 nun
1521 5370 1606 5424 solum
1629 5368 1727 5439 nullius
1746 5367 1807 5421 mali
1831 5377 1979 5436 coactores,
1993 5368 2040 5425 sed

1248 5481 1309 5522 cum
1325 5466 1333 5497 ¹
1349 5461 1502 5533 repagulum
1516 5460 1593 5515 bone
1614 5457 1758 5512 voluntatis
1780 5457 1851 5512 nacti
1870 5468 1941 5527 sunt,
1965 5461 2040 5530 adju-

1249 5567 1321 5613 tores
1330 5565 1358 5612 ιι
1370 5564 1538 5626 pervectores
1549 5550 1677 5621 ‘inmitior
1690 5549 1878 5620 perdocentur.
1889 5549 1955 5618 Quis
1969 5551 2040 5606 enlm

1250 5649 1405 5704 formidaret
1423 5645 1564 5717 judiciuin,
1594 5643 1643 5697 nisi
1671 5640 1774 5697 timoris
1800 5639 2039 5704 annuntiaturis

1251 5742 1412 5813 paenitentiae
1428 5737 1571 5808 gemitibus
1590 5735 1738 5803 iuvaretur,
1761 5731 1811 5787 nisi
1834 5729 1934 5784 doloris
1950 5738 1978 5783 et
1998 5727 2041 5781 iu-

1251 5844 1333 5890 ternac
1349 5830 1512 5903 egritudinis
1523 5827 1650 5898 expiatu?
1674 5826 1742 5894 Quid
1762 5832 1897 5894 postremo
1913 5820 2042 5876 severitas
2096 5881 2099 5888 ,

1248 5924 1391 5997 judicantis
1402 5921 1511 5985 valeret,
1526 5919 1576 5975 nisi
1588 5916 1734 5973 voluntaria
1748 5919 1854 5983 peccata
1864 5909 1929 5965 illati
1937 5910 2041 5967 crucia·

1284 6062 1293 6093 ¹
1309 6061 1346 6109 Sic
1357 6066 1409 6108 llas.
1422 6064 1446 6105 ln
1458 6070 1537 6117 vrgm,
1548 6066 1640 6103 ισιιιιιι.

1285 6125 1295 6154 ¹
1311 6127 1558 6184 contemperantes.
1596 6161 1599 6167 .
