<?xml version="1.0" encoding="UTF-8"?>
<!DOCTYPE html PUBLIC "-//W3C//DTD XHTML 1.0 Transitional//EN"
    "http://www.w3.org/TR/xhtml1/DTD/xhtml1-transitional.dtd">
<html xmlns="http://www.w3.org/1999/xhtml" xml:lang="en" lang="en">
 <head>
  <title>
</title>
<meta http-equiv="Content-Type" content="text/html;charset=utf-8" />
  <meta name='ocr-system' content='tesseract 3.04.00' />
  <meta name='ocr-capabilities' content='ocr_page ocr_carea ocr_par ocr_line ocrx_word'/>
</head>
<body>
  <div class='ocr_page' id='page_1' title='image "./patrologiaecurs58unkngoog/patrologiaecurs58unkngoog_0361.png"; bbox 0 0 4900 6892; ppageno 0'>
   <div class='ocr_carea' id='block_1_1' title="bbox 401 649 475 711">
    <p class='ocr_par' dir='ltr' id='par_1_1' title="bbox 401 649 475 711">
     <span class='ocr_line' id='line_1_1' title="bbox 401 649 475 711; baseline -0.041 0"><span class='ocrx_word' id='word_1_1' title='bbox 401 649 475 711; x_wconf 74' lang='lat' dir='ltr'>ibbb</span> 
     </span>
    </p>
   </div>
   <div class='ocr_carea' id='block_1_2' title="bbox 362 750 1206 5581">
    <p class='ocr_par' dir='ltr' id='par_1_2' title="bbox 362 750 1197 2700">
     <span class='ocr_line' id='line_1_2' title="bbox 451 750 1189 829; baseline -0.015 -15"><span class='ocrx_word' id='word_1_2' title='bbox 451 763 492 815; x_wconf 88' lang='lat' dir='ltr'>ius</span> <span class='ocrx_word' id='word_1_3' title='bbox 504 756 657 829; x_wconf 80' lang='lat' dir='ltr'>parentibus</span> <span class='ocrx_word' id='word_1_4' title='bbox 672 755 746 824; x_wconf 78' lang='lat' dir='ltr'>eius,</span> <span class='ocrx_word' id='word_1_5' title='bbox 763 753 812 808; x_wconf 89' lang='lat' dir='ltr'>nisi</span> <span class='ocrx_word' id='word_1_6' title='bbox 832 751 1003 806; x_wconf 87' lang='lat' dir='ltr'>circumcisus</span> <span class='ocrx_word' id='word_1_7' title='bbox 1018 751 1125 817; x_wconf 87' lang='lat' dir='ltr'>luisset,</span> <span class='ocrx_word' id='word_1_8' title='bbox 1140 750 1189 804; x_wconf 83' lang='lat' dir='ltr'>tie-</span> 
     </span>
     <span class='ocr_line' id='line_1_3' title="bbox 403 770 1188 898; baseline -0.019 -10"><span class='ocrx_word' id='word_1_9' title='bbox 403 770 461 888; x_wconf 61' lang='lat' dir='ltr'>iiiii</span> <span class='ocrx_word' id='word_1_10' title='bbox 484 829 610 898; x_wconf 73' lang='lat' dir='ltr'>pretendi</span> <span class='ocrx_word' id='word_1_11' title='bbox 635 827 764 893; x_wconf 90' lang='lat' dir='ltr'>perditio,</span> <span class='ocrx_word' id='word_1_12' title='bbox 789 823 834 892; x_wconf 90' lang='lat' dir='ltr'>qni</span> <span class='ocrx_word' id='word_1_13' title='bbox 858 837 936 876; x_wconf 90' lang='lat' dir='ltr'>nsum</span> <span class='ocrx_word' id='word_1_14' title='bbox 961 820 1119 875; x_wconf 75' lang='lat' dir='ltr'>obedientias</span> <span class='ocrx_word' id='word_1_15' title='bbox 1139 821 1188 873; x_wconf 83' lang='lat' dir='ltr'>ct¹</span> 
     </span>
     <span class='ocr_line' id='line_1_4' title="bbox 404 889 1190 959; baseline -0.017 -3"><span class='ocrx_word' id='word_1_16' title='bbox 404 901 479 956; x_wconf 86' lang='lat' dir='ltr'>liberi</span> <span class='ocrx_word' id='word_1_17' title='bbox 504 899 636 953; x_wconf 81' lang='lat' dir='ltr'>habebant</span> <span class='ocrx_word' id='word_1_18' title='bbox 658 897 779 959; x_wconf 83' lang='lat' dir='ltr'>arbitrii,</span> <span class='ocrx_word' id='word_1_19' title='bbox 802 903 830 947; x_wconf 93' lang='lat' dir='ltr'>et</span> <span class='ocrx_word' id='word_1_20' title='bbox 853 908 904 946; x_wconf 92' lang='lat' dir='ltr'>uun</span> <span class='ocrx_word' id='word_1_21' title='bbox 929 891 1038 959; x_wconf 85' lang='lat' dir='ltr'>parvulo</span> <span class='ocrx_word' id='word_1_22' title='bbox 1059 889 1190 959; x_wconf 80' lang='lat' dir='ltr'><strong>ignoranti</strong></span> 
     </span>
     <span class='ocr_line' id='line_1_5' title="bbox 362 959 1191 1029; baseline -0.017 -3"><span class='ocrx_word' id='word_1_23' title='bbox 362 964 367 971; x_wconf 67' lang='grc'><strong>’</strong></span> <span class='ocrx_word' id='word_1_24' title='bbox 403 971 514 1025; x_wconf 74' lang='lat' dir='ltr'>seitrorta</span> <span class='ocrx_word' id='word_1_25' title='bbox 528 971 537 1000; x_wconf 86' lang='lat'><strong>¹</strong></span> <span class='ocrx_word' id='word_1_26' title='bbox 554 969 650 1021; x_wconf 88' lang='lat' dir='ltr'>bonnm</span> <span class='ocrx_word' id='word_1_27' title='bbox 670 975 697 1021; x_wconf 90' lang='lat' dir='ltr'>ct</span> <span class='ocrx_word' id='word_1_28' title='bbox 711 965 818 1018; x_wconf 89' lang='lat' dir='ltr'>maium.</span> <span class='ocrx_word' id='word_1_29' title='bbox 836 962 887 1017; x_wconf 81' lang='lat' dir='ltr'>Scri</span> <span class='ocrx_word' id='word_1_30' title='bbox 901 971 959 1016; x_wconf 86' lang='lat' dir='ltr'>esto</span> <span class='ocrx_word' id='word_1_31' title='bbox 973 971 1002 1015; x_wconf 89' lang='lat' dir='ltr'>ut</span> <span class='ocrx_word' id='word_1_32' title='bbox 1018 970 1141 1029; x_wconf 85' lang='lat' dir='ltr'>parentes</span> <span class='ocrx_word' id='word_1_33' title='bbox 1155 959 1191 1014; x_wconf 88' lang='lat' dir='ltr'>ob</span> 
     </span>
     <span class='ocr_line' id='line_1_6' title="bbox 404 1030 1192 1107; baseline -0.015 -14"><span class='ocrx_word' id='word_1_34' title='bbox 404 1044 473 1094; x_wconf 76' lang='lat' dir='ltr'>itanc</span> <span class='ocrx_word' id='word_1_35' title='bbox 489 1038 692 1107; x_wconf 68' lang='lat' dir='ltr'>negligentiam,</span> <span class='ocrx_word' id='word_1_36' title='bbox 708 1033 778 1104; x_wconf 88' lang='lat' dir='ltr'>quoti</span> <span class='ocrx_word' id='word_1_37' title='bbox 798 1035 924 1099; x_wconf 88' lang='lat' dir='ltr'>scriptum</span> <span class='ocrx_word' id='word_1_38' title='bbox 938 1047 991 1085; x_wconf 91' lang='lat' dir='ltr'>nnn</span> <span class='ocrx_word' id='word_1_39' title='bbox 1005 1040 1063 1095; x_wconf 89' lang='lat' dir='ltr'>est,</span> <span class='ocrx_word' id='word_1_40' title='bbox 1079 1030 1192 1084; x_wconf 78' lang='lat' dir='ltr'>subeant</span> 
     </span>
     <span class='ocr_line' id='line_1_7' title="bbox 404 1101 1192 1180; baseline -0.016 -15"><span class='ocrx_word' id='word_1_41' title='bbox 404 1110 514 1180; x_wconf 71' lang='lat' dir='ltr'>gernon</span> <span class='ocrx_word' id='word_1_42' title='bbox 530 1108 656 1177; x_wconf 86' lang='lat' dir='ltr'>supplicia</span> <span class='ocrx_word' id='word_1_43' title='bbox 672 1124 677 1158; x_wconf 95' lang='lat'>:</span> <span class='ocrx_word' id='word_1_44' title='bbox 695 1103 820 1174; x_wconf 91' lang='lat' dir='ltr'>unrnqnid</span> <span class='ocrx_word' id='word_1_45' title='bbox 843 1103 974 1156; x_wconf 87' lang='lat' dir='ltr'>danmatis</span> <span class='ocrx_word' id='word_1_46' title='bbox 988 1101 1054 1164; x_wconf 87' lang='lat' dir='ltr'>iliis,</span> <span class='ocrx_word' id='word_1_47' title='bbox 1068 1101 1090 1154; x_wconf 86' lang='lat' dir='ltr'>si</span> <span class='ocrx_word' id='word_1_48' title='bbox 1112 1101 1192 1154; x_wconf 88' lang='lat' dir='ltr'>incir-</span> 
     </span>
     <span class='ocr_line' id='line_1_8' title="bbox 403 1170 1192 1242; baseline -0.014 -9"><span class='ocrx_word' id='word_1_49' title='bbox 403 1182 537 1233; x_wconf 87' lang='lat' dir='ltr'>cumcisus</span> <span class='ocrx_word' id='word_1_50' title='bbox 559 1186 678 1231; x_wconf 90' lang='lat' dir='ltr'>nmrtnns</span> <span class='ocrx_word' id='word_1_51' title='bbox 692 1174 773 1229; x_wconf 90' lang='lat' dir='ltr'>inerit</span> <span class='ocrx_word' id='word_1_52' title='bbox 788 1173 911 1242; x_wconf 72' lang='lat' dir='ltr'>parvidus</span> <span class='ocrx_word' id='word_1_53' title='bbox 925 1172 1020 1225; x_wconf 81' lang='lat' dir='ltr'>animm</span> <span class='ocrx_word' id='word_1_54' title='bbox 1041 1171 1137 1239; x_wconf 91' lang='lat' dir='ltr'>poterit</span> <span class='ocrx_word' id='word_1_55' title='bbox 1151 1170 1192 1223; x_wconf 92' lang='lat' dir='ltr'>in-</span> 
     </span>
     <span class='ocr_line' id='line_1_9' title="bbox 404 1239 1190 1307; baseline -0.017 -2"><span class='ocrx_word' id='word_1_56' title='bbox 404 1251 511 1305; x_wconf 89' lang='lat' dir='ltr'>teritum</span> <span class='ocrx_word' id='word_1_57' title='bbox 526 1248 653 1301; x_wconf 86' lang='lat' dir='ltr'>abolere?</span> <span class='ocrx_word' id='word_1_58' title='bbox 675 1247 744 1299; x_wconf 78' lang='lat' dir='ltr'>[leurs</span> <span class='ocrx_word' id='word_1_59' title='bbox 756 1249 826 1298; x_wconf 89' lang='lat' dir='ltr'>enim</span> <span class='ocrx_word' id='word_1_60' title='bbox 842 1244 945 1296; x_wconf 86' lang='lat' dir='ltr'>locutus</span> <span class='ocrx_word' id='word_1_61' title='bbox 958 1251 1017 1305; x_wconf 89' lang='lat' dir='ltr'>est,</span> <span class='ocrx_word' id='word_1_62' title='bbox 1034 1255 1085 1294; x_wconf 93' lang='lat' dir='ltr'>uon</span> <span class='ocrx_word' id='word_1_63' title='bbox 1099 1239 1190 1307; x_wconf 89' lang='lat' dir='ltr'>homo,</span> 
     </span>
     <span class='ocr_line' id='line_1_10' title="bbox 404 1309 1190 1386; baseline -0.015 -13"><span class='ocrx_word' id='word_1_64' title='bbox 404 1322 511 1382; x_wconf 87' lang='lat' dir='ltr'>diceus,</span> <span class='ocrx_word' id='word_1_65' title='bbox 526 1317 617 1386; x_wconf 66' lang='lat' dir='ltr'>insons</span> <span class='ocrx_word' id='word_1_66' title='bbox 634 1317 677 1386; x_wconf 89' lang='lat' dir='ltr'>qni</span> <span class='ocrx_word' id='word_1_67' title='bbox 695 1325 781 1368; x_wconf 83' lang='lat' dir='ltr'>octauo</span> <span class='ocrx_word' id='word_1_68' title='bbox 795 1314 835 1366; x_wconf 86' lang='lat' dir='ltr'>die</span> <span class='ocrx_word' id='word_1_69' title='bbox 853 1312 1014 1365; x_wconf 83' lang='lat' dir='ltr'>circumcisus</span> <span class='ocrx_word' id='word_1_70' title='bbox 1033 1327 1083 1364; x_wconf 83' lang='lat' dir='ltr'>nort</span> <span class='ocrx_word' id='word_1_71' title='bbox 1106 1309 1190 1377; x_wconf 68' lang='lat' dir='ltr'>sarmit,</span> 
     </span>
     <span class='ocr_line' id='line_1_11' title="bbox 404 1379 1191 1458; baseline -0.015 -15"><span class='ocrx_word' id='word_1_72' title='bbox 404 1390 523 1458; x_wconf 70' lang='lat' dir='ltr'>disperiet</span> <span class='ocrx_word' id='word_1_73' title='bbox 537 1388 622 1440; x_wconf 82' lang='lat' dir='ltr'>estimo</span> <span class='ocrx_word' id='word_1_74' title='bbox 642 1386 687 1440; x_wconf 87' lang='lat' dir='ltr'>ilie</span> <span class='ocrx_word' id='word_1_75' title='bbox 701 1386 732 1438; x_wconf 86' lang='lat' dir='ltr'>de</span> <span class='ocrx_word' id='word_1_76' title='bbox 751 1384 844 1454; x_wconf 84' lang='lat' dir='ltr'>populo</span> <span class='ocrx_word' id='word_1_77' title='bbox 858 1399 914 1436; x_wconf 90' lang='lat' dir='ltr'>suo.</span> <span class='ocrx_word' id='word_1_78' title='bbox 936 1380 1047 1435; x_wconf 86' lang='lat' dir='ltr'>Narrate</span> <span class='ocrx_word' id='word_1_79' title='bbox 1069 1394 1153 1449; x_wconf 87' lang='lat' dir='ltr'>crgo,</span> <span class='ocrx_word' id='word_1_80' title='bbox 1168 1379 1191 1432; x_wconf 90' lang='lat' dir='ltr'>si</span> 
     </span>
     <span class='ocr_line' id='line_1_12' title="bbox 404 1450 1192 1542; baseline -0.016 -28"><span class='ocrx_word' id='word_1_81' title='bbox 404 1460 533 1542; x_wconf 84' lang='lat' dir='ltr'>potestis,</span> <span class='ocrx_word' id='word_1_82' title='bbox 549 1458 595 1511; x_wconf 87' lang='lat' dir='ltr'>bei</span> <span class='ocrx_word' id='word_1_83' title='bbox 615 1456 761 1526; x_wconf 82' lang='lat' dir='ltr'>justitiam,</span> <span class='ocrx_word' id='word_1_84' title='bbox 779 1456 808 1507; x_wconf 88' lang='lat' dir='ltr'>iu</span> <span class='ocrx_word' id='word_1_85' title='bbox 828 1469 878 1522; x_wconf 87' lang='lat' dir='ltr'>qna</span> <span class='ocrx_word' id='word_1_86' title='bbox 892 1453 903 1483; x_wconf 80' lang='lat'>⁸</span> <span class='ocrx_word' id='word_1_87' title='bbox 918 1450 1029 1505; x_wconf 92' lang='lat' dir='ltr'>multum</span> <span class='ocrx_word' id='word_1_88' title='bbox 1045 1464 1093 1504; x_wconf 86' lang='lat' dir='ltr'>ros</span> <span class='ocrx_word' id='word_1_89' title='bbox 1113 1463 1192 1519; x_wconf 89' lang='lat' dir='ltr'>posse</span> 
     </span>
     <span class='ocr_line' id='line_1_13' title="bbox 403 1519 1192 1599; baseline -0.015 -18"><span class='ocrx_word' id='word_1_90' title='bbox 403 1531 526 1599; x_wconf 74' lang='lat' dir='ltr'>gactrrtis;</span> <span class='ocrx_word' id='word_1_91' title='bbox 544 1528 597 1580; x_wconf 89' lang='lat' dir='ltr'>inru</span> <span class='ocrx_word' id='word_1_92' title='bbox 608 1537 690 1581; x_wconf 90' lang='lat' dir='ltr'>toturn</span> <span class='ocrx_word' id='word_1_93' title='bbox 704 1539 780 1593; x_wconf 88' lang='lat' dir='ltr'>posse</span> <span class='ocrx_word' id='word_1_94' title='bbox 791 1534 892 1577; x_wconf 81' lang='lat' dir='ltr'>nature</span> <span class='ocrx_word' id='word_1_95' title='bbox 902 1521 1002 1576; x_wconf 80' lang='lat' dir='ltr'>viribus</span> <span class='ocrx_word' id='word_1_96' title='bbox 1015 1539 1021 1574; x_wconf 91' lang='lat'>:</span> <span class='ocrx_word' id='word_1_97' title='bbox 1032 1534 1080 1573; x_wconf 91' lang='lat' dir='ltr'>cur</span> <span class='ocrx_word' id='word_1_98' title='bbox 1089 1519 1192 1588; x_wconf 86' lang='lat' dir='ltr'>disper·</span> 
     </span>
     <span class='ocr_line' id='line_1_14' title="bbox 405 1587 1191 1661; baseline -0.02 -7"><span class='ocrx_word' id='word_1_99' title='bbox 405 1600 452 1654; x_wconf 89' lang='lat' dir='ltr'>dat</span> <span class='ocrx_word' id='word_1_100' title='bbox 473 1598 650 1652; x_wconf 89' lang='lat' dir='ltr'>innocentiam</span> <span class='ocrx_word' id='word_1_101' title='bbox 675 1594 905 1658; x_wconf 76' lang='lat' dir='ltr'>incircumcisam,</span> <span class='ocrx_word' id='word_1_102' title='bbox 921 1592 1017 1661; x_wconf 79' lang='lat' dir='ltr'>quidve</span> <span class='ocrx_word' id='word_1_103' title='bbox 1038 1587 1191 1643; x_wconf 88' lang='lat' dir='ltr'>circumcidi</span> 
     </span>
     <span class='ocr_line' id='line_1_15' title="bbox 404 1659 1193 1740; baseline -0.018 -18"><span class='ocrx_word' id='word_1_104' title='bbox 404 1669 496 1740; x_wconf 87' lang='lat' dir='ltr'>jubet,</span> <span class='ocrx_word' id='word_1_105' title='bbox 513 1669 534 1721; x_wconf 88' lang='lat' dir='ltr'>si</span> <span class='ocrx_word' id='word_1_106' title='bbox 550 1668 618 1720; x_wconf 89' lang='lat' dir='ltr'>nulia</span> <span class='ocrx_word' id='word_1_107' title='bbox 634 1666 714 1720; x_wconf 88' lang='lat' dir='ltr'>donat</span> <span class='ocrx_word' id='word_1_108' title='bbox 727 1663 930 1718; x_wconf 74' lang='lat' dir='ltr'>circumcisione</span> <span class='ocrx_word' id='word_1_109' title='bbox 943 1659 1056 1714; x_wconf 83' lang='lat' dir='ltr'>delicta?</span> <span class='ocrx_word' id='word_1_110' title='bbox 1072 1659 1193 1727; x_wconf 84' lang='lat' dir='ltr'>hespon-</span> 
     </span>
     <span class='ocr_line' id='line_1_16' title="bbox 405 1729 1192 1808; baseline -0.018 -15"><span class='ocrx_word' id='word_1_111' title='bbox 405 1741 474 1795; x_wconf 80' lang='lat' dir='ltr'>rietis</span> <span class='ocrx_word' id='word_1_112' title='bbox 495 1739 594 1808; x_wconf 83' lang='lat' dir='ltr'>piane:</span> <span class='ocrx_word' id='word_1_113' title='bbox 619 1736 710 1791; x_wconf 84' lang='lat' dir='ltr'>iustus</span> <span class='ocrx_word' id='word_1_114' title='bbox 724 1737 792 1788; x_wconf 89' lang='lat' dir='ltr'>bens</span> <span class='ocrx_word' id='word_1_115' title='bbox 814 1736 840 1786; x_wconf 94' lang='lat' dir='ltr'>in</span> <span class='ocrx_word' id='word_1_116' title='bbox 862 1730 1015 1801; x_wconf 83' lang='lat' dir='ltr'>judicando.</span> <span class='ocrx_word' id='word_1_117' title='bbox 1042 1729 1099 1783; x_wconf 92' lang='lat' dir='ltr'>lloc</span> <span class='ocrx_word' id='word_1_118' title='bbox 1121 1729 1192 1782; x_wconf 89' lang='lat' dir='ltr'>euim</span> 
     </span>
     <span class='ocr_line' id='line_1_17' title="bbox 406 1797 1191 1876; baseline -0.015 -14"><span class='ocrx_word' id='word_1_119' title='bbox 406 1810 497 1864; x_wconf 85' lang='lat' dir='ltr'>strictis</span> <span class='ocrx_word' id='word_1_120' title='bbox 510 1809 584 1876; x_wconf 77' lang='lat' dir='ltr'>qumi</span> <span class='ocrx_word' id='word_1_121' title='bbox 598 1806 737 1873; x_wconf 69' lang='lat' dir='ltr'>diligentes</span> <span class='ocrx_word' id='word_1_122' title='bbox 748 1805 829 1858; x_wconf 76' lang='lat' dir='ltr'>[terrm</span> <span class='ocrx_word' id='word_1_123' title='bbox 844 1800 1002 1862; x_wconf 67' lang='lat' dir='ltr'>diceresed</span> <span class='ocrx_word' id='word_1_124' title='bbox 1016 1815 1064 1853; x_wconf 91' lang='lat' dir='ltr'>ore</span> <span class='ocrx_word' id='word_1_125' title='bbox 1074 1808 1161 1852; x_wconf 88' lang='lat' dir='ltr'>restro</span> <span class='ocrx_word' id='word_1_126' title='bbox 1170 1797 1191 1861; x_wconf 63' lang='lat'>⁸,</span> 
     </span>
     <span class='ocr_line' id='line_1_18' title="bbox 406 1868 1192 1939; baseline -0.013 -9"><span class='ocrx_word' id='word_1_127' title='bbox 406 1880 486 1933; x_wconf 77' lang='lat' dir='ltr'>teredo</span> <span class='ocrx_word' id='word_1_128' title='bbox 500 1886 588 1933; x_wconf 85' lang='lat' dir='ltr'>arrtcm</span> <span class='ocrx_word' id='word_1_129' title='bbox 604 1877 761 1931; x_wconf 83' lang='lat' dir='ltr'>rrreuticntes</span> <span class='ocrx_word' id='word_1_130' title='bbox 776 1874 812 1929; x_wconf 85' lang='lat' dir='ltr'>ei.</span> <span class='ocrx_word' id='word_1_131' title='bbox 834 1872 862 1925; x_wconf 85' lang='lat' dir='ltr'>Si</span> <span class='ocrx_word' id='word_1_132' title='bbox 878 1873 965 1939; x_wconf 87' lang='lat' dir='ltr'>itaque</span> <span class='ocrx_word' id='word_1_133' title='bbox 977 1872 1065 1938; x_wconf 80' lang='lat' dir='ltr'>justus</span> <span class='ocrx_word' id='word_1_134' title='bbox 1082 1869 1152 1922; x_wconf 83' lang='lat' dir='ltr'>licus</span> <span class='ocrx_word' id='word_1_135' title='bbox 1166 1868 1192 1920; x_wconf 91' lang='lat' dir='ltr'>in</span> 
     </span>
     <span class='ocr_line' id='line_1_19' title="bbox 404 1939 1192 2020; baseline -0.016 -17"><span class='ocrx_word' id='word_1_136' title='bbox 404 1949 565 2020; x_wconf 81' lang='lat' dir='ltr'>judicando,</span> <span class='ocrx_word' id='word_1_137' title='bbox 589 1961 671 2015; x_wconf 80' lang='lat' dir='ltr'>rogo,</span> <span class='ocrx_word' id='word_1_138' title='bbox 693 1945 736 2000; x_wconf 91' lang='lat' dir='ltr'>dic</span> <span class='ocrx_word' id='word_1_139' title='bbox 758 1958 865 1997; x_wconf 87' lang='lat' dir='ltr'>eausam</span> <span class='ocrx_word' id='word_1_140' title='bbox 889 1940 1065 1996; x_wconf 82' lang='lat' dir='ltr'>incircumcisi</span> <span class='ocrx_word' id='word_1_141' title='bbox 1088 1939 1192 2008; x_wconf 88' lang='lat' dir='ltr'>parruii</span> 
     </span>
     <span class='ocr_line' id='line_1_20' title="bbox 408 2008 1193 2089; baseline -0.018 -13"><span class='ocrx_word' id='word_1_142' title='bbox 408 2019 530 2089; x_wconf 88' lang='lat' dir='ltr'>perituri.</span> <span class='ocrx_word' id='word_1_143' title='bbox 546 2017 664 2071; x_wconf 78' lang='lat' dir='ltr'>rictuaiia</span> <span class='ocrx_word' id='word_1_144' title='bbox 677 2023 748 2069; x_wconf 90' lang='lat' dir='ltr'>certe</span> <span class='ocrx_word' id='word_1_145' title='bbox 764 2013 834 2067; x_wconf 87' lang='lat' dir='ltr'>ntrlla</span> <span class='ocrx_word' id='word_1_146' title='bbox 855 2019 917 2065; x_wconf 88' lang='lat' dir='ltr'>sunt</span> <span class='ocrx_word' id='word_1_147' title='bbox 935 2010 992 2076; x_wconf 83' lang='lat' dir='ltr'>ejus</span> <span class='ocrx_word' id='word_1_148' title='bbox 1006 2009 1114 2063; x_wconf 89' lang='lat' dir='ltr'>delicta.</span> <span class='ocrx_word' id='word_1_149' title='bbox 1129 2008 1193 2074; x_wconf 81' lang='lat' dir='ltr'>Qoae</span> 
     </span>
     <span class='ocr_line' id='line_1_21' title="bbox 406 2079 1194 2156; baseline -0.014 -15"><span class='ocrx_word' id='word_1_150' title='bbox 406 2091 478 2143; x_wconf 89' lang='lat' dir='ltr'>enim</span> <span class='ocrx_word' id='word_1_151' title='bbox 493 2102 552 2141; x_wconf 88' lang='lat' dir='ltr'>csse</span> <span class='ocrx_word' id='word_1_152' title='bbox 568 2095 691 2156; x_wconf 86' lang='lat' dir='ltr'>poterunt</span> <span class='ocrx_word' id='word_1_153' title='bbox 705 2095 766 2138; x_wconf 92' lang='lat' dir='ltr'>nctn</span> <span class='ocrx_word' id='word_1_154' title='bbox 786 2082 911 2138; x_wconf 85' lang='lat' dir='ltr'>dierum?</span> <span class='ocrx_word' id='word_1_155' title='bbox 932 2079 1050 2134; x_wconf 80' lang='lat' dir='ltr'>Trahere</span> <span class='ocrx_word' id='word_1_156' title='bbox 1065 2094 1125 2132; x_wconf 91' lang='lat' dir='ltr'>cum</span> <span class='ocrx_word' id='word_1_157' title='bbox 1139 2079 1194 2132; x_wconf 90' lang='lat' dir='ltr'>ori-</span> 
     </span>
     <span class='ocr_line' id='line_1_22' title="bbox 405 2148 1193 2225; baseline -0.016 -12"><span class='ocrx_word' id='word_1_158' title='bbox 405 2159 494 2225; x_wconf 80' lang='lat' dir='ltr'>ginale</span> <span class='ocrx_word' id='word_1_159' title='bbox 505 2168 640 2225; x_wconf 81' lang='lat' dir='ltr'>peccatum</span> <span class='ocrx_word' id='word_1_160' title='bbox 654 2165 679 2210; x_wconf 92' lang='lat' dir='ltr'>et</span> <span class='ocrx_word' id='word_1_161' title='bbox 692 2163 801 2223; x_wconf 87' lang='lat' dir='ltr'>propter</span> <span class='ocrx_word' id='word_1_162' title='bbox 813 2153 864 2206; x_wconf 92' lang='lat' dir='ltr'>hoc</span> <span class='ocrx_word' id='word_1_163' title='bbox 876 2150 1006 2208; x_wconf 83' lang='lat' dir='ltr'>damnari.</span> <span class='ocrx_word' id='word_1_164' title='bbox 1017 2148 1128 2203; x_wconf 88' lang='lat' dir='ltr'>credere</span> <span class='ocrx_word' id='word_1_165' title='bbox 1141 2162 1193 2201; x_wconf 91' lang='lat' dir='ltr'>non</span> 
     </span>
     <span class='ocr_line' id='line_1_23' title="bbox 408 2218 1197 2297; baseline -0.011 -17"><span class='ocrx_word' id='word_1_166' title='bbox 408 2230 458 2283; x_wconf 84' lang='lat' dir='ltr'>ris.</span> <span class='ocrx_word' id='word_1_167' title='bbox 474 2228 550 2284; x_wconf 92' lang='lat' dir='ltr'>Unde</span> <span class='ocrx_word' id='word_1_168' title='bbox 562 2228 631 2297; x_wconf 82' lang='lat' dir='ltr'>justa</span> <span class='ocrx_word' id='word_1_169' title='bbox 645 2226 656 2257; x_wconf 84' lang='lat'>⁸</span> <span class='ocrx_word' id='word_1_170' title='bbox 671 2226 716 2279; x_wconf 87' lang='lat' dir='ltr'>bet</span> <span class='ocrx_word' id='word_1_171' title='bbox 728 2223 848 2291; x_wconf 86' lang='lat' dir='ltr'>judicia?</span> <span class='ocrx_word' id='word_1_172' title='bbox 863 2222 909 2275; x_wconf 86' lang='lat' dir='ltr'>bie</span> <span class='ocrx_word' id='word_1_173' title='bbox 922 2221 975 2289; x_wconf 86' lang='lat' dir='ltr'>jurn</span> <span class='ocrx_word' id='word_1_174' title='bbox 990 2228 1082 2287; x_wconf 79' lang='lat' dir='ltr'>aperte</span> <span class='ocrx_word' id='word_1_175' title='bbox 1100 2238 1106 2272; x_wconf 92' lang='lat'><strong>:</strong></span> <span class='ocrx_word' id='word_1_176' title='bbox 1125 2236 1134 2269; x_wconf 84' lang='lat' dir='ltr'>r</span> <span class='ocrx_word' id='word_1_177' title='bbox 1153 2218 1197 2272; x_wconf 92' lang='grc' dir='ltr'><strong>Ιιι·</strong></span> 
     </span>
     <span class='ocr_line' id='line_1_24' title="bbox 405 2289 1192 2365; baseline -0.011 -16"><span class='ocrx_word' id='word_1_178' title='bbox 405 2299 492 2365; x_wconf 84' lang='lat' dir='ltr'>justus</span> <span class='ocrx_word' id='word_1_179' title='bbox 507 2299 576 2352; x_wconf 84' lang='lat' dir='ltr'>ileus</span> <span class='ocrx_word' id='word_1_180' title='bbox 595 2306 622 2352; x_wconf 87' lang='lat' dir='ltr'>et</span> <span class='ocrx_word' id='word_1_181' title='bbox 644 2296 755 2363; x_wconf 92' lang='lat' dir='ltr'>impius,</span> <span class='ocrx_word' id='word_1_182' title='bbox 771 2304 800 2347; x_wconf 93' lang='grc' dir='ltr'>ιιι</span> <span class='ocrx_word' id='word_1_183' title='bbox 814 2292 922 2346; x_wconf 88' lang='lat' dir='ltr'>dunruct</span> <span class='ocrx_word' id='word_1_184' title='bbox 944 2289 1098 2359; x_wconf 83' lang='lat' dir='ltr'>parvulum,</span> <span class='ocrx_word' id='word_1_185' title='bbox 1114 2304 1192 2358; x_wconf 91' lang='lat' dir='ltr'>quem</span> 
     </span>
     <span class='ocr_line' id='line_1_25' title="bbox 406 2356 1194 2432; baseline -0.014 -11"><span class='ocrx_word' id='word_1_186' title='bbox 406 2368 563 2422; x_wconf 74' lang='lat' dir='ltr'>tlarnmahiiis</span> <span class='ocrx_word' id='word_1_187' title='bbox 578 2382 656 2421; x_wconf 84' lang='lat' dir='ltr'>causa</span> <span class='ocrx_word' id='word_1_188' title='bbox 676 2365 747 2418; x_wconf 87' lang='lat' dir='ltr'>nullu</span> <span class='ocrx_word' id='word_1_189' title='bbox 771 2362 913 2432; x_wconf 71' lang='lat' dir='ltr'>praecessit.</span> <span class='ocrx_word' id='word_1_190' title='bbox 934 2379 944 2412; x_wconf 90' lang='grc' dir='ltr'>ι</span> <span class='ocrx_word' id='word_1_191' title='bbox 964 2358 1018 2414; x_wconf 87' lang='lat' dir='ltr'>Nec</span> <span class='ocrx_word' id='word_1_192' title='bbox 1032 2359 1102 2413; x_wconf 87' lang='lat' dir='ltr'>enim</span> <span class='ocrx_word' id='word_1_193' title='bbox 1123 2356 1194 2410; x_wconf 88' lang='lat' dir='ltr'>alind</span> 
     </span>
     <span class='ocr_line' id='line_1_26' title="bbox 407 2428 1194 2495; baseline -0.015 -4"><span class='ocrx_word' id='word_1_194' title='bbox 407 2439 434 2491; x_wconf 92' lang='lat' dir='ltr'>iu</span> <span class='ocrx_word' id='word_1_195' title='bbox 449 2437 537 2491; x_wconf 84' lang='lat' dir='ltr'>cordis</span> <span class='ocrx_word' id='word_1_196' title='bbox 553 2438 589 2490; x_wconf 92' lang='lat' dir='ltr'>tui</span> <span class='ocrx_word' id='word_1_197' title='bbox 611 2435 727 2490; x_wconf 84' lang='lat' dir='ltr'>tenebris</span> <span class='ocrx_word' id='word_1_198' title='bbox 742 2434 841 2488; x_wconf 89' lang='lat' dir='ltr'>sentire</span> <span class='ocrx_word' id='word_1_199' title='bbox 855 2429 1025 2495; x_wconf 81' lang='lat' dir='ltr'>crrgnusccris</span> <span class='ocrx_word' id='word_1_200' title='bbox 1040 2445 1047 2480; x_wconf 92' lang='lat'>:</span> <span class='ocrx_word' id='word_1_201' title='bbox 1062 2428 1083 2480; x_wconf 92' lang='lat' dir='ltr'>si</span> <span class='ocrx_word' id='word_1_202' title='bbox 1107 2436 1194 2480; x_wconf 91' lang='lat' dir='ltr'>tamen</span> 
     </span>
     <span class='ocr_line' id='line_1_27' title="bbox 407 2498 1196 2569; baseline -0.015 -8"><span class='ocrx_word' id='word_1_203' title='bbox 407 2508 632 2569; x_wconf 87' lang='lat' dir='ltr'>incircumcisum,</span> <span class='ocrx_word' id='word_1_204' title='bbox 650 2514 716 2558; x_wconf 84' lang='lat' dir='ltr'>teste</span> <span class='ocrx_word' id='word_1_205' title='bbox 730 2503 776 2556; x_wconf 82' lang='lat' dir='ltr'>lici</span> <span class='ocrx_word' id='word_1_206' title='bbox 790 2503 846 2566; x_wconf 75' lang='lat' dir='ltr'>itrge</span> <span class='ocrx_word' id='word_1_207' title='bbox 859 2500 940 2561; x_wconf 91' lang='lat' dir='ltr'>lideii,</span> <span class='ocrx_word' id='word_1_208' title='bbox 957 2498 1044 2568; x_wconf 86' lang='lat' dir='ltr'>perire</span> <span class='ocrx_word' id='word_1_209' title='bbox 1057 2498 1196 2565; x_wconf 88' lang='lat' dir='ltr'>purruiunr</span> 
     </span>
     <span class='ocr_line' id='line_1_28' title="bbox 407 2565 1197 2636; baseline -0.018 -4"><span class='ocrx_word' id='word_1_210' title='bbox 407 2579 507 2632; x_wconf 83' lang='lat' dir='ltr'>credis.</span> <span class='ocrx_word' id='word_1_211' title='bbox 528 2579 580 2630; x_wconf 78' lang='lat' dir='ltr'>Aut</span> <span class='ocrx_word' id='word_1_212' title='bbox 592 2579 614 2630; x_wconf 86' lang='lat' dir='ltr'>st</span> <span class='ocrx_word' id='word_1_213' title='bbox 630 2574 663 2629; x_wconf 91' lang='lat' dir='ltr'>dc</span> <span class='ocrx_word' id='word_1_214' title='bbox 677 2573 753 2628; x_wconf 85' lang='lat' dir='ltr'>robis</span> <span class='ocrx_word' id='word_1_215' title='bbox 774 2569 844 2624; x_wconf 89' lang='lat' dir='ltr'>aliud</span> <span class='ocrx_word' id='word_1_216' title='bbox 866 2567 1035 2624; x_wconf 89' lang='lat' dir='ltr'>sentiendum</span> <span class='ocrx_word' id='word_1_217' title='bbox 1049 2576 1106 2633; x_wconf 83' lang='lat' dir='ltr'>est,</span> <span class='ocrx_word' id='word_1_218' title='bbox 1124 2565 1197 2636; x_wconf 80' lang='lat' dir='ltr'>jodi-</span> 
     </span>
     <span class='ocr_line' id='line_1_29' title="bbox 408 2645 635 2700; baseline -0.018 0"><span class='ocrx_word' id='word_1_219' title='bbox 408 2655 472 2700; x_wconf 77' lang='lat' dir='ltr'>crnl</span> <span class='ocrx_word' id='word_1_220' title='bbox 486 2645 635 2700; x_wconf 78' lang='lat' dir='ltr'>ortitotiuxi.</span> 
     </span>
    </p>

    <p class='ocr_par' dir='ltr' id='par_1_3' title="bbox 363 2707 1198 2924">
     <span class='ocr_line' id='line_1_30' title="bbox 445 2707 1198 2772; baseline -0.013 -2"><span class='ocrx_word' id='word_1_221' title='bbox 445 2715 557 2771; x_wconf 50' lang='lat' dir='ltr'>tutent</span> <span class='ocrx_word' id='word_1_222' title='bbox 576 2713 609 2768; x_wconf 85' lang='lat' dir='ltr'>il.</span> <span class='ocrx_word' id='word_1_223' title='bbox 628 2743 664 2753; x_wconf 93' lang='lat'><em>-</em></span> <span class='ocrx_word' id='word_1_224' title='bbox 682 2712 709 2768; x_wconf 81' lang='lat' dir='ltr'>b.</span> <span class='ocrx_word' id='word_1_225' title='bbox 724 2711 776 2766; x_wconf 89' lang='lat' dir='ltr'>Sed</span> <span class='ocrx_word' id='word_1_226' title='bbox 796 2725 871 2765; x_wconf 90' lang='lat' dir='ltr'>more</span> <span class='ocrx_word' id='word_1_227' title='bbox 885 2710 930 2763; x_wconf 92' lang='lat' dir='ltr'>ilio</span> <span class='ocrx_word' id='word_1_228' title='bbox 950 2717 1055 2772; x_wconf 86' lang='lat' dir='ltr'>restro,</span> <span class='ocrx_word' id='word_1_229' title='bbox 1078 2707 1198 2762; x_wconf 79' lang='lat' dir='ltr'>ueritatis</span> 
     </span>
     <span class='ocr_line' id='line_1_31' title="bbox 363 2777 1195 2847; baseline -0.01 -11"><span class='ocrx_word' id='word_1_230' title='bbox 363 2810 365 2815; x_wconf 94' lang='lat'><em>·</em></span> <span class='ocrx_word' id='word_1_231' title='bbox 408 2786 532 2839; x_wconf 78' lang='lat' dir='ltr'>uidelicet</span> <span class='ocrx_word' id='word_1_232' title='bbox 548 2785 606 2838; x_wconf 91' lang='lat' dir='ltr'>iuce</span> <span class='ocrx_word' id='word_1_233' title='bbox 619 2783 717 2838; x_wconf 87' lang='lat' dir='ltr'>deserti</span> <span class='ocrx_word' id='word_1_234' title='bbox 731 2792 809 2847; x_wconf 83' lang='lat' dir='ltr'>aturro</span> <span class='ocrx_word' id='word_1_235' title='bbox 825 2781 930 2835; x_wconf 86' lang='lat' dir='ltr'>releliiti</span> <span class='ocrx_word' id='word_1_236' title='bbox 947 2798 954 2832; x_wconf 81' lang='lat'>2</span> <span class='ocrx_word' id='word_1_237' title='bbox 970 2778 1048 2843; x_wconf 85' lang='lat' dir='ltr'>Deus,</span> <span class='ocrx_word' id='word_1_238' title='bbox 1065 2777 1171 2846; x_wconf 87' lang='lat' dir='ltr'>inquitis</span> <span class='ocrx_word' id='word_1_239' title='bbox 1187 2816 1195 2841; x_wconf 93' lang='lat'>,</span> 
     </span>
     <span class='ocr_line' id='line_1_32' title="bbox 408 2850 1198 2924; baseline -0.006 -19"><span class='ocrx_word' id='word_1_240' title='bbox 408 2857 529 2924; x_wconf 75' lang='lat' dir='ltr'>prescius</span> <span class='ocrx_word' id='word_1_241' title='bbox 538 2870 640 2924; x_wconf 89' lang='lat' dir='ltr'>operurn</span> <span class='ocrx_word' id='word_1_242' title='bbox 658 2855 714 2924; x_wconf 79' lang='lat' dir='ltr'>ejus</span> <span class='ocrx_word' id='word_1_243' title='bbox 734 2850 858 2904; x_wconf 90' lang='lat' dir='ltr'>rnuiorum</span> <span class='ocrx_word' id='word_1_244' title='bbox 868 2865 924 2917; x_wconf 80' lang='lat' dir='ltr'>ques</span> <span class='ocrx_word' id='word_1_245' title='bbox 935 2852 1048 2918; x_wconf 74' lang='lat' dir='ltr'>secturus</span> <span class='ocrx_word' id='word_1_246' title='bbox 1061 2857 1113 2900; x_wconf 85' lang='lat' dir='ltr'>erut</span> <span class='ocrx_word' id='word_1_247' title='bbox 1125 2856 1198 2900; x_wconf 80' lang='lat' dir='ltr'>oetnte</span> 
     </span>
    </p>

    <p class='ocr_par' dir='ltr' id='par_1_4' title="bbox 406 2917 1201 4046">
     <span class='ocr_line' id='line_1_33' title="bbox 428 2917 1198 2995; baseline -0.01 -18"><span class='ocrx_word' id='word_1_248' title='bbox 428 2928 528 2995; x_wconf 62' lang='lat' dir='ltr'>erdertu,</span> <span class='ocrx_word' id='word_1_249' title='bbox 544 2924 682 2993; x_wconf 83' lang='lat' dir='ltr'>periturum</span> <span class='ocrx_word' id='word_1_250' title='bbox 698 2922 761 2976; x_wconf 76' lang='lat' dir='ltr'>diets</span> <span class='ocrx_word' id='word_1_251' title='bbox 775 2921 806 2973; x_wconf 86' lang='lat' dir='ltr'>de</span> <span class='ocrx_word' id='word_1_252' title='bbox 820 2920 914 2990; x_wconf 87' lang='lat' dir='ltr'>populo</span> <span class='ocrx_word' id='word_1_253' title='bbox 926 2935 982 2972; x_wconf 87' lang='lat' dir='ltr'>stro.</span> <span class='ocrx_word' id='word_1_254' title='bbox 1005 2918 1088 2978; x_wconf 89' lang='lat' dir='ltr'>itane,</span> <span class='ocrx_word' id='word_1_255' title='bbox 1105 2917 1198 2969; x_wconf 67' lang='lat' dir='ltr'>insrtne</span> 
     </span>
     <span class='ocr_line' id='line_1_34' title="bbox 408 2944 1196 3063; baseline -0.014 -14"><span class='ocrx_word' id='word_1_256' title='bbox 408 2944 567 3063; x_wconf 66' lang='lat' dir='ltr'>irriguos,</span> <span class='ocrx_word' id='word_1_257' title='bbox 583 2994 653 3046; x_wconf 88' lang='lat' dir='ltr'>bens</span> <span class='ocrx_word' id='word_1_258' title='bbox 667 2992 711 3060; x_wconf 91' lang='lat' dir='ltr'>qui</span> <span class='ocrx_word' id='word_1_259' title='bbox 722 2992 810 3059; x_wconf 84' lang='lat' dir='ltr'>justus</span> <span class='ocrx_word' id='word_1_260' title='bbox 822 2998 863 3043; x_wconf 91' lang='lat' dir='ltr'>est</span> <span class='ocrx_word' id='word_1_261' title='bbox 877 2990 902 3042; x_wconf 94' lang='lat' dir='ltr'>in</span> <span class='ocrx_word' id='word_1_262' title='bbox 916 2987 1040 3042; x_wconf 90' lang='lat' dir='ltr'>omnibus</span> <span class='ocrx_word' id='word_1_263' title='bbox 1055 2987 1105 3039; x_wconf 86' lang='lat' dir='ltr'>riis</span> <span class='ocrx_word' id='word_1_264' title='bbox 1118 2985 1174 3039; x_wconf 84' lang='lat' dir='ltr'>auis</span> <span class='ocrx_word' id='word_1_265' title='bbox 1188 3025 1196 3045; x_wconf 85' lang='lat'>,</span> 
     </span>
     <span class='ocr_line' id='line_1_35' title="bbox 409 3055 1196 3128; baseline -0.015 -9"><span class='ocrx_word' id='word_1_266' title='bbox 409 3074 438 3119; x_wconf 88' lang='lat' dir='ltr'>et</span> <span class='ocrx_word' id='word_1_267' title='bbox 453 3074 559 3119; x_wconf 90' lang='lat' dir='ltr'>sauctus</span> <span class='ocrx_word' id='word_1_268' title='bbox 573 3065 598 3116; x_wconf 93' lang='lat' dir='ltr'>in</span> <span class='ocrx_word' id='word_1_269' title='bbox 614 3056 1125 3128; x_wconf 79' lang='lat' dir='ltr'>tunnihttsoperihnssuisil’sul.cxttr,</span> <span class='ocrx_word' id='word_1_270' title='bbox 1141 3055 1196 3125; x_wconf 78' lang='lat' dir='ltr'>tt),</span> 
     </span>
     <span class='ocr_line' id='line_1_36' title="bbox 409 3127 1199 3203; baseline -0.008 -18"><span class='ocrx_word' id='word_1_271' title='bbox 409 3149 459 3203; x_wconf 80' lang='lat' dir='ltr'>prro</span> <span class='ocrx_word' id='word_1_272' title='bbox 470 3130 649 3202; x_wconf 81' lang='lat' dir='ltr'>hujuscemodi</span> <span class='ocrx_word' id='word_1_273' title='bbox 665 3130 812 3185; x_wconf 82' lang='lat' dir='ltr'>credendus</span> <span class='ocrx_word' id='word_1_274' title='bbox 826 3138 867 3184; x_wconf 91' lang='lat' dir='ltr'>est</span> <span class='ocrx_word' id='word_1_275' title='bbox 882 3127 1092 3182; x_wconf 89' lang='lat' dir='ltr'>incircumcisum</span> <span class='ocrx_word' id='word_1_276' title='bbox 1104 3139 1199 3194; x_wconf 87' lang='lat' dir='ltr'>parru-</span> 
     </span>
     <span class='ocr_line' id='line_1_37' title="bbox 409 3194 1199 3319; baseline -0.011 -61"><span class='ocrx_word' id='word_1_277' title='bbox 409 3206 464 3259; x_wconf 92' lang='lat' dir='ltr'>hun</span> <span class='ocrx_word' id='word_1_278' title='bbox 486 3205 620 3274; x_wconf 81' lang='lat' dir='ltr'>jurlicsrc.</span> <span class='ocrx_word' id='word_1_279' title='bbox 648 3209 676 3254; x_wconf 92' lang='lat' dir='ltr'>ut</span> <span class='ocrx_word' id='word_1_280' title='bbox 701 3211 824 3269; x_wconf 88' lang='lat' dir='ltr'>tanquam</span> <span class='ocrx_word' id='word_1_281' title='bbox 848 3199 974 3252; x_wconf 83' lang='lat' dir='ltr'>iactarem</span> <span class='ocrx_word' id='word_1_282' title='bbox 983 3210 1041 3319; x_wconf 50' lang='lat' dir='ltr'>fro</span> <span class='ocrx_word' id='word_1_283' title='bbox 1056 3209 1108 3249; x_wconf 94' lang='lat' dir='ltr'>nou</span> <span class='ocrx_word' id='word_1_284' title='bbox 1124 3194 1199 3249; x_wconf 90' lang='lat' dir='ltr'>iactis</span> 
     </span>
     <span class='ocr_line' id='line_1_38' title="bbox 407 3265 1196 3342; baseline -0.028 -11"><span class='ocrx_word' id='word_1_285' title='bbox 407 3276 556 3335; x_wconf 77' lang='lat' dir='ltr'>sceleribus</span> <span class='ocrx_word' id='word_1_286' title='bbox 573 3272 677 3342; x_wconf 77' lang='lat' dir='ltr'>puniat:</span> <span class='ocrx_word' id='word_1_287' title='bbox 690 3280 794 3339; x_wconf 89' lang='lat' dir='ltr'>ternpus</span> <span class='ocrx_word' id='word_1_288' title='bbox 809 3270 918 3336; x_wconf 91' lang='lat' dir='ltr'>irnpntet</span> <span class='ocrx_word' id='word_1_289' title='bbox 930 3283 981 3336; x_wconf 92' lang='lat' dir='ltr'>quo</span> <span class='ocrx_word' id='word_1_290' title='bbox 1001 3266 1073 3329; x_wconf 77' lang='lat' dir='ltr'>dam,</span> <span class='ocrx_word' id='word_1_291' title='bbox 1085 3266 1128 3318; x_wconf 75' lang='lat' dir='ltr'>urbi</span> <span class='ocrx_word' id='word_1_292' title='bbox 1143 3265 1196 3318; x_wconf 74' lang='lat' dir='ltr'>vira</span> 
     </span>
     <span class='ocr_line' id='line_1_39' title="bbox 409 3335 1199 3404; baseline -0.013 -5"><span class='ocrx_word' id='word_1_293' title='bbox 409 3345 552 3404; x_wconf 78' lang='lat' dir='ltr'>stertuitit,</span> <span class='ocrx_word' id='word_1_294' title='bbox 576 3344 619 3396; x_wconf 90' lang='lat' dir='ltr'>nbi</span> <span class='ocrx_word' id='word_1_295' title='bbox 645 3341 713 3395; x_wconf 82' lang='lat' dir='ltr'>relic</span> <span class='ocrx_word' id='word_1_296' title='bbox 737 3349 765 3393; x_wconf 90' lang='lat' dir='ltr'>et</span> <span class='ocrx_word' id='word_1_297' title='bbox 785 3338 856 3392; x_wconf 87' lang='lat' dir='ltr'>troile</span> <span class='ocrx_word' id='word_1_298' title='bbox 881 3354 933 3391; x_wconf 91' lang='lat' dir='ltr'>nun</span> <span class='ocrx_word' id='word_1_299' title='bbox 957 3336 1006 3390; x_wconf 90' lang='lat' dir='ltr'>iuit</span> <span class='ocrx_word' id='word_1_300' title='bbox 1033 3335 1199 3390; x_wconf 77' lang='lat' dir='ltr'>roiunnrtisi</span> 
     </span>
     <span class='ocr_line' id='line_1_40' title="bbox 408 3405 1199 3479; baseline -0.014 -9"><span class='ocrx_word' id='word_1_301' title='bbox 408 3415 497 3476; x_wconf 81' lang='lat' dir='ltr'>strstr,</span> <span class='ocrx_word' id='word_1_302' title='bbox 514 3414 581 3467; x_wconf 84' lang='lat' dir='ltr'>absit</span> <span class='ocrx_word' id='word_1_303' title='bbox 598 3413 647 3466; x_wconf 93' lang='lat' dir='ltr'>hoc</span> <span class='ocrx_word' id='word_1_304' title='bbox 661 3410 730 3479; x_wconf 92' lang='lat' dir='ltr'>apud</span> <span class='ocrx_word' id='word_1_305' title='bbox 742 3409 859 3477; x_wconf 88' lang='lat' dir='ltr'>judicem</span> <span class='ocrx_word' id='word_1_306' title='bbox 877 3407 1046 3476; x_wconf 84' lang='lat' dir='ltr'>justum,qni</span> <span class='ocrx_word' id='word_1_307' title='bbox 1060 3405 1199 3473; x_wconf 87' lang='lat' dir='ltr'>uuicuique</span> 
     </span>
     <span class='ocr_line' id='line_1_41' title="bbox 407 3474 1198 3541; baseline -0.014 -4"><span class='ocrx_word' id='word_1_308' title='bbox 407 3485 542 3541; x_wconf 84' lang='lat' dir='ltr'>tritedienti</span> <span class='ocrx_word' id='word_1_309' title='bbox 557 3484 598 3538; x_wconf 83' lang='lat' dir='ltr'>rot</span> <span class='ocrx_word' id='word_1_310' title='bbox 611 3481 787 3537; x_wconf 89' lang='lat' dir='ltr'>currtcnmcuti</span> <span class='ocrx_word' id='word_1_311' title='bbox 805 3493 852 3531; x_wconf 88' lang='lat' dir='ltr'>usu</span> <span class='ocrx_word' id='word_1_312' title='bbox 867 3478 957 3532; x_wconf 84' lang='lat' dir='ltr'>iiberan</span> <span class='ocrx_word' id='word_1_313' title='bbox 970 3475 1122 3538; x_wconf 81' lang='lat' dir='ltr'>uoluntatis,</span> <span class='ocrx_word' id='word_1_314' title='bbox 1138 3474 1198 3527; x_wconf 89' lang='lat' dir='ltr'>red-</span> 
     </span>
     <span class='ocr_line' id='line_1_42' title="bbox 408 3545 1200 3620; baseline -0.015 -11"><span class='ocrx_word' id='word_1_315' title='bbox 408 3554 449 3609; x_wconf 89' lang='lat' dir='ltr'>dit</span> <span class='ocrx_word' id='word_1_316' title='bbox 463 3555 607 3609; x_wconf 87' lang='lat' dir='ltr'>secundnm</span> <span class='ocrx_word' id='word_1_317' title='bbox 621 3565 700 3620; x_wconf 76' lang='lat' dir='ltr'>‹tqrera</span> <span class='ocrx_word' id='word_1_318' title='bbox 715 3565 761 3604; x_wconf 90' lang='lat' dir='ltr'>sna</span> <span class='ocrx_word' id='word_1_319' title='bbox 776 3565 783 3602; x_wconf 76' lang='grc' dir='ltr'>ε</span> <span class='ocrx_word' id='word_1_320' title='bbox 796 3549 904 3616; x_wconf 80' lang='lat' dir='ltr'>paruulo</span> <span class='ocrx_word' id='word_1_321' title='bbox 914 3556 1002 3600; x_wconf 89' lang='lat' dir='ltr'>autem</span> <span class='ocrx_word' id='word_1_322' title='bbox 1015 3545 1200 3598; x_wconf 87' lang='lat' dir='ltr'>incircumciso</span> 
     </span>
     <span class='ocr_line' id='line_1_43' title="bbox 406 3614 1200 3694; baseline -0.016 -13"><span class='ocrx_word' id='word_1_323' title='bbox 406 3625 497 3681; x_wconf 80' lang='lat' dir='ltr'>solum</span> <span class='ocrx_word' id='word_1_324' title='bbox 521 3640 569 3694; x_wconf 93' lang='lat' dir='ltr'>pro</span> <span class='ocrx_word' id='word_1_325' title='bbox 590 3623 706 3680; x_wconf 88' lang='lat' dir='ltr'>delicto,</span> <span class='ocrx_word' id='word_1_326' title='bbox 729 3618 799 3689; x_wconf 92' lang='lat' dir='ltr'>quod</span> <span class='ocrx_word' id='word_1_327' title='bbox 822 3627 863 3670; x_wconf 82' lang='lat' dir='ltr'>est</span> <span class='ocrx_word' id='word_1_328' title='bbox 877 3634 943 3685; x_wconf 87' lang='lat' dir='ltr'>opus</span> <span class='ocrx_word' id='word_1_329' title='bbox 958 3614 1067 3678; x_wconf 86' lang='lat' dir='ltr'>diaiurli,</span> <span class='ocrx_word' id='word_1_330' title='bbox 1081 3614 1151 3683; x_wconf 92' lang='lat' dir='ltr'>qnod</span> <span class='ocrx_word' id='word_1_331' title='bbox 1166 3629 1200 3668; x_wconf 88' lang='lat' dir='ltr'>ex</span> 
     </span>
     <span class='ocr_line' id='line_1_44' title="bbox 407 3683 1200 3751; baseline -0.018 0"><span class='ocrx_word' id='word_1_332' title='bbox 407 3695 495 3751; x_wconf 72' lang='lat' dir='ltr'>Adam</span> <span class='ocrx_word' id='word_1_333' title='bbox 510 3695 655 3750; x_wconf 87' lang='lat' dir='ltr'>seminatus</span> <span class='ocrx_word' id='word_1_334' title='bbox 667 3690 785 3748; x_wconf 62' lang='lat' dir='ltr'>attraxit,</span> <span class='ocrx_word' id='word_1_335' title='bbox 799 3696 826 3741; x_wconf 92' lang='lat' dir='ltr'>ct</span> <span class='ocrx_word' id='word_1_336' title='bbox 839 3686 1042 3741; x_wconf 82' lang='lat' dir='ltr'>circumcisione</span> <span class='ocrx_word' id='word_1_337' title='bbox 1063 3683 1200 3737; x_wconf 80' lang='lat' dir='ltr'>fraudatus</span> 
     </span>
     <span class='ocr_line' id='line_1_45' title="bbox 409 3754 1200 3829; baseline -0.015 -11"><span class='ocrx_word' id='word_1_338' title='bbox 409 3780 464 3819; x_wconf 92' lang='lat' dir='ltr'>nou</span> <span class='ocrx_word' id='word_1_339' title='bbox 486 3764 581 3829; x_wconf 83' lang='lat' dir='ltr'>ceruit,</span> <span class='ocrx_word' id='word_1_340' title='bbox 596 3762 647 3816; x_wconf 88' lang='lat' dir='ltr'>boe</span> <span class='ocrx_word' id='word_1_341' title='bbox 663 3762 687 3813; x_wconf 94' lang='lat' dir='ltr'>in</span> <span class='ocrx_word' id='word_1_342' title='bbox 709 3758 819 3828; x_wconf 72' lang='lat' dir='ltr'>parneio</span> <span class='ocrx_word' id='word_1_343' title='bbox 840 3757 910 3811; x_wconf 86' lang='lat' dir='ltr'>Deus</span> <span class='ocrx_word' id='word_1_344' title='bbox 927 3756 984 3810; x_wconf 90' lang='lat' dir='ltr'>odit</span> <span class='ocrx_word' id='word_1_345' title='bbox 1007 3764 1033 3807; x_wconf 91' lang='lat' dir='ltr'>et</span> <span class='ocrx_word' id='word_1_346' title='bbox 1053 3755 1148 3821; x_wconf 71' lang='lat' dir='ltr'>proruit:</span> <span class='ocrx_word' id='word_1_347' title='bbox 1165 3754 1200 3806; x_wconf 89' lang='lat' dir='ltr'>itu</span> 
     </span>
     <span class='ocr_line' id='line_1_46' title="bbox 409 3825 1200 3900; baseline -0.018 -11"><span class='ocrx_word' id='word_1_348' title='bbox 409 3850 483 3889; x_wconf 88' lang='lat' dir='ltr'>rrunc</span> <span class='ocrx_word' id='word_1_349' title='bbox 495 3837 560 3889; x_wconf 87' lang='lat' dir='ltr'>litet</span> <span class='ocrx_word' id='word_1_350' title='bbox 574 3836 598 3888; x_wconf 91' lang='lat' dir='ltr'>iu</span> <span class='ocrx_word' id='word_1_351' title='bbox 613 3830 709 3900; x_wconf 89' lang='lat' dir='ltr'>populo</span> <span class='ocrx_word' id='word_1_352' title='bbox 721 3829 875 3883; x_wconf 87' lang='lat' dir='ltr'>christiano.</span> <span class='ocrx_word' id='word_1_353' title='bbox 889 3825 1062 3881; x_wconf 85' lang='lat' dir='ltr'>Circurncisio</span> <span class='ocrx_word' id='word_1_354' title='bbox 1075 3825 1145 3878; x_wconf 90' lang='lat' dir='ltr'>enim</span> <span class='ocrx_word' id='word_1_355' title='bbox 1158 3825 1200 3876; x_wconf 89' lang='lat' dir='ltr'>iila</span> 
     </span>
     <span class='ocr_line' id='line_1_47' title="bbox 408 3893 1201 3971; baseline -0.015 -14"><span class='ocrx_word' id='word_1_356' title='bbox 408 3905 496 3959; x_wconf 71' lang='lat' dir='ltr'>emetri</span> <span class='ocrx_word' id='word_1_357' title='bbox 510 3906 571 3965; x_wconf 86' lang='lat' dir='ltr'>diei,</span> <span class='ocrx_word' id='word_1_358' title='bbox 588 3904 697 3971; x_wconf 89' lang='lat' dir='ltr'>liguram</span> <span class='ocrx_word' id='word_1_359' title='bbox 712 3897 915 3952; x_wconf 83' lang='lat' dir='ltr'>resurrectionis</span> <span class='ocrx_word' id='word_1_360' title='bbox 926 3895 978 3951; x_wconf 89' lang='lat' dir='ltr'>diei</span> <span class='ocrx_word' id='word_1_361' title='bbox 991 3893 1137 3951; x_wconf 82' lang='lat' dir='ltr'>Satratmts</span> <span class='ocrx_word' id='word_1_362' title='bbox 1152 3893 1201 3946; x_wconf 76' lang='lat' dir='ltr'>‘ct</span> 
     </span>
     <span class='ocr_line' id='line_1_48' title="bbox 407 3970 805 4046; baseline -0.02 -18"><span class='ocrx_word' id='word_1_363' title='bbox 407 3975 522 4046; x_wconf 85' lang='lat' dir='ltr'>gratiam</span> <span class='ocrx_word' id='word_1_364' title='bbox 538 3972 663 4042; x_wconf 71' lang='lat' dir='ltr'>imptismi</span> <span class='ocrx_word' id='word_1_365' title='bbox 676 3970 805 4040; x_wconf 79' lang='lat' dir='ltr'>gestabat.</span> 
     </span>
    </p>

    <p class='ocr_par' dir='ltr' id='par_1_5' title="bbox 408 4032 1206 5581">
     <span class='ocr_line' id='line_1_49' title="bbox 449 4032 1199 4106; baseline -0.02 -6"><span class='ocrx_word' id='word_1_366' title='bbox 449 4045 492 4100; x_wconf 87' lang='lat' dir='ltr'>iii.</span> <span class='ocrx_word' id='word_1_367' title='bbox 508 4044 673 4105; x_wconf 73' lang='lat' dir='ltr'>vosautem,</span> <span class='ocrx_word' id='word_1_368' title='bbox 689 4039 738 4093; x_wconf 90' lang='lat' dir='ltr'>etsi</span> <span class='ocrx_word' id='word_1_369' title='bbox 755 4037 854 4106; x_wconf 83' lang='lat' dir='ltr'>parvuli</span> <span class='ocrx_word' id='word_1_370' title='bbox 870 4035 993 4106; x_wconf 83' lang='lat' dir='ltr'>baptizati</span> <span class='ocrx_word' id='word_1_371' title='bbox 1010 4048 1061 4088; x_wconf 88' lang='lat' dir='ltr'>nou</span> <span class='ocrx_word' id='word_1_372' title='bbox 1083 4032 1199 4099; x_wconf 83' lang='lat' dir='ltr'>suerint,</span> 
     </span>
     <span class='ocr_line' id='line_1_50' title="bbox 408 4102 1200 4183; baseline -0.018 -14"><span class='ocrx_word' id='word_1_373' title='bbox 408 4115 492 4169; x_wconf 82' lang='lat' dir='ltr'>vitam</span> <span class='ocrx_word' id='word_1_374' title='bbox 512 4114 565 4168; x_wconf 86' lang='lat' dir='ltr'>iilis</span> <span class='ocrx_word' id='word_1_375' title='bbox 583 4110 735 4183; x_wconf 86' lang='lat' dir='ltr'>promittitis</span> <span class='ocrx_word' id='word_1_376' title='bbox 756 4119 892 4171; x_wconf 76' lang='lat' dir='ltr'>uternam,</span> <span class='ocrx_word' id='word_1_377' title='bbox 913 4107 973 4175; x_wconf 88' lang='lat' dir='ltr'>quia</span> <span class='ocrx_word' id='word_1_378' title='bbox 988 4103 1090 4159; x_wconf 89' lang='lat' dir='ltr'>scilieet</span> <span class='ocrx_word' id='word_1_379' title='bbox 1102 4102 1200 4157; x_wconf 86' lang='lat' dir='ltr'>Christi</span> 
     </span>
     <span class='ocr_line' id='line_1_51' title="bbox 410 4172 1201 4254; baseline -0.016 -14"><span class='ocrx_word' id='word_1_380' title='bbox 410 4187 453 4240; x_wconf 85' lang='lat' dir='ltr'>eis</span> <span class='ocrx_word' id='word_1_381' title='bbox 466 4186 578 4254; x_wconf 85' lang='lat' dir='ltr'>gratinnr</span> <span class='ocrx_word' id='word_1_382' title='bbox 594 4176 731 4252; x_wconf 86' lang='lat' dir='ltr'>baptizatis</span> <span class='ocrx_word' id='word_1_383' title='bbox 743 4179 808 4232; x_wconf 87' lang='lat' dir='ltr'>nibil</span> <span class='ocrx_word' id='word_1_384' title='bbox 823 4175 943 4238; x_wconf 90' lang='lat' dir='ltr'>anierre,</span> <span class='ocrx_word' id='word_1_385' title='bbox 958 4175 1080 4229; x_wconf 82' lang='lat' dir='ltr'>conterre</span> <span class='ocrx_word' id='word_1_386' title='bbox 1092 4172 1201 4227; x_wconf 89' lang='lat' dir='ltr'>creditis</span> 
     </span>
     <span class='ocr_line' id='line_1_52' title="bbox 411 4242 1196 4317; baseline -0.022 -6"><span class='ocrx_word' id='word_1_387' title='bbox 411 4255 490 4311; x_wconf 89' lang='lat' dir='ltr'>nihil.</span> <span class='ocrx_word' id='word_1_388' title='bbox 505 4256 533 4309; x_wconf 79' lang='lat' dir='ltr'>Si</span> <span class='ocrx_word' id='word_1_389' title='bbox 555 4254 626 4307; x_wconf 90' lang='lat' dir='ltr'>enim</span> <span class='ocrx_word' id='word_1_390' title='bbox 641 4250 822 4317; x_wconf 88' lang='lat' dir='ltr'>intelligeretis</span> <span class='ocrx_word' id='word_1_391' title='bbox 835 4260 916 4316; x_wconf 87' lang='lat' dir='ltr'>quare</span> <span class='ocrx_word' id='word_1_392' title='bbox 936 4245 1034 4298; x_wconf 86' lang='lat' dir='ltr'>dixerit</span> <span class='ocrx_word' id='word_1_393' title='bbox 1055 4242 1196 4307; x_wconf 82' lang='lat' dir='ltr'>Christus,</span> 
     </span>
     <span class='ocr_line' id='line_1_53' title="bbox 411 4310 1197 4393; baseline -0.018 -14"><span class='ocrx_word' id='word_1_394' title='bbox 411 4324 475 4380; x_wconf 74' lang='lat' dir='ltr'>Nou</span> <span class='ocrx_word' id='word_1_395' title='bbox 485 4340 548 4393; x_wconf 89' lang='lat' dir='ltr'>opus</span> <span class='ocrx_word' id='word_1_396' title='bbox 558 4333 594 4377; x_wconf 88' lang='lat' dir='ltr'>est</span> <span class='ocrx_word' id='word_1_397' title='bbox 604 4322 672 4376; x_wconf 85' lang='lat' dir='ltr'>sonis</span> <span class='ocrx_word' id='word_1_398' title='bbox 683 4317 857 4382; x_wconf 83' lang='lat' dir='ltr'>rnedieus,srti</span> <span class='ocrx_word' id='word_1_399' title='bbox 865 4316 930 4369; x_wconf 81' lang='lat' dir='ltr'>meir</span> <span class='ocrx_word' id='word_1_400' title='bbox 940 4312 1084 4368; x_wconf 73' lang='lat' dir='ltr'>incientibus</span> <span class='ocrx_word' id='word_1_401' title='bbox 1093 4310 1197 4380; x_wconf 85' lang='lat' dir='ltr'>(dirrttlr.</span> 
     </span>
     <span class='ocr_line' id='line_1_54' title="bbox 409 4381 1201 4466; baseline -0.018 -16"><span class='ocrx_word' id='word_1_402' title='bbox 409 4410 450 4461; x_wconf 82' lang='lat' dir='ltr'>ts,</span> <span class='ocrx_word' id='word_1_403' title='bbox 466 4395 509 4466; x_wconf 74' lang='lat' dir='ltr'>ii)</span> <span class='ocrx_word' id='word_1_404' title='bbox 522 4391 685 4448; x_wconf 86' lang='lat' dir='ltr'>:crederetis</span> <span class='ocrx_word' id='word_1_405' title='bbox 700 4390 799 4457; x_wconf 91' lang='lat' dir='ltr'>utique,</span> <span class='ocrx_word' id='word_1_406' title='bbox 814 4403 865 4441; x_wconf 91' lang='lat' dir='ltr'>nun</span> <span class='ocrx_word' id='word_1_407' title='bbox 881 4400 928 4440; x_wconf 89' lang='lat' dir='ltr'>cos</span> <span class='ocrx_word' id='word_1_408' title='bbox 941 4399 1031 4446; x_wconf 82' lang='lat' dir='ltr'>sanos,</span> <span class='ocrx_word' id='word_1_409' title='bbox 1046 4382 1092 4437; x_wconf 84' lang='lat' dir='ltr'>sert</span> <span class='ocrx_word' id='word_1_410' title='bbox 1107 4381 1201 4436; x_wconf 80' lang='lat' dir='ltr'>rutine-</span> 
     </span>
     <span class='ocr_line' id='line_1_55' title="bbox 409 4453 1202 4522; baseline -0.018 -3"><span class='ocrx_word' id='word_1_411' title='bbox 409 4476 486 4520; x_wconf 85' lang='lat' dir='ltr'>ratus</span> <span class='ocrx_word' id='word_1_412' title='bbox 501 4463 603 4517; x_wconf 86' lang='lat' dir='ltr'>medico</span> <span class='ocrx_word' id='word_1_413' title='bbox 621 4460 750 4516; x_wconf 86' lang='lat' dir='ltr'>Salvatori</span> <span class='ocrx_word' id='word_1_414' title='bbox 765 4458 797 4511; x_wconf 90' lang='lat' dir='ltr'>nd</span> <span class='ocrx_word' id='word_1_415' title='bbox 810 4457 950 4510; x_wconf 81' lang='lat' dir='ltr'>stationem</span> <span class='ocrx_word' id='word_1_416' title='bbox 966 4453 1094 4522; x_wconf 89' lang='lat' dir='ltr'>Baptisnri</span> <span class='ocrx_word' id='word_1_417' title='bbox 1105 4467 1202 4506; x_wconf 84' lang='lat' dir='ltr'>sarran-</span> 
     </span>
     <span class='ocr_line' id='line_1_56' title="bbox 409 4523 1202 4596; baseline -0.016 -7"><span class='ocrx_word' id='word_1_418' title='bbox 409 4536 462 4590; x_wconf 87' lang='lat' dir='ltr'>rlos</span> <span class='ocrx_word' id='word_1_419' title='bbox 484 4534 589 4596; x_wconf 87' lang='lat' dir='ltr'>uilerri;</span> <span class='ocrx_word' id='word_1_420' title='bbox 613 4546 662 4586; x_wconf 90' lang='lat' dir='ltr'>nec</span> <span class='ocrx_word' id='word_1_421' title='bbox 683 4529 820 4582; x_wconf 81' lang='lat' dir='ltr'>nubianos</span> <span class='ocrx_word' id='word_1_422' title='bbox 832 4528 923 4588; x_wconf 84' lang='lat' dir='ltr'>ritant,</span> <span class='ocrx_word' id='word_1_423' title='bbox 940 4524 989 4577; x_wconf 89' lang='lat' dir='ltr'>nisi</span> <span class='ocrx_word' id='word_1_424' title='bbox 1010 4523 1092 4592; x_wconf 89' lang='lat' dir='ltr'>ipsius</span> <span class='ocrx_word' id='word_1_425' title='bbox 1104 4523 1148 4591; x_wconf 92' lang='lat' dir='ltr'>qui</span> <span class='ocrx_word' id='word_1_426' title='bbox 1162 4532 1202 4576; x_wconf 89' lang='lat' dir='ltr'>est</span> 
     </span>
     <span class='ocr_line' id='line_1_57' title="bbox 409 4592 1201 4664; baseline -0.019 -3"><span class='ocrx_word' id='word_1_427' title='bbox 409 4608 466 4661; x_wconf 80' lang='lat' dir='ltr'>rita</span> <span class='ocrx_word' id='word_1_428' title='bbox 483 4602 698 4658; x_wconf 84' lang='lat' dir='ltr'>rrrarrducrreriut</span> <span class='ocrx_word' id='word_1_429' title='bbox 712 4613 830 4660; x_wconf 89' lang='lat' dir='ltr'>earnem,</span> <span class='ocrx_word' id='word_1_430' title='bbox 854 4605 881 4651; x_wconf 89' lang='lat' dir='ltr'>et</span> <span class='ocrx_word' id='word_1_431' title='bbox 901 4595 1057 4664; x_wconf 89' lang='lat' dir='ltr'>sauguinem</span> <span class='ocrx_word' id='word_1_432' title='bbox 1076 4592 1201 4646; x_wconf 89' lang='lat' dir='ltr'>biberint.</span> 
     </span>
     <span class='ocr_line' id='line_1_58' title="bbox 411 4661 1204 4735; baseline -0.021 -6"><span class='ocrx_word' id='word_1_433' title='bbox 411 4677 473 4735; x_wconf 87' lang='lat' dir='ltr'>ipse</span> <span class='ocrx_word' id='word_1_434' title='bbox 486 4676 556 4729; x_wconf 89' lang='lat' dir='ltr'>enirn</span> <span class='ocrx_word' id='word_1_435' title='bbox 571 4673 636 4726; x_wconf 80' lang='lat' dir='ltr'>dixit</span> <span class='ocrx_word' id='word_1_436' title='bbox 650 4689 657 4725; x_wconf 81' lang='lat' dir='ltr'><em>z</em></span> <span class='ocrx_word' id='word_1_437' title='bbox 672 4668 731 4722; x_wconf 83' lang='lat' dir='ltr'>Nisi</span> <span class='ocrx_word' id='word_1_438' title='bbox 745 4667 953 4721; x_wconf 81' lang='lat' dir='ltr'>manducaveritis</span> <span class='ocrx_word' id='word_1_439' title='bbox 966 4680 1067 4717; x_wconf 74' lang='lat' dir='ltr'>cirenem</span> <span class='ocrx_word' id='word_1_440' title='bbox 1080 4661 1142 4717; x_wconf 81' lang='lat' dir='ltr'>Filii</span> <span class='ocrx_word' id='word_1_441' title='bbox 1162 4662 1204 4713; x_wconf 87' lang='lat' dir='ltr'>iro·</span> 
     </span>
     <span class='ocr_line' id='line_1_59' title="bbox 410 4732 1200 4809; baseline -0.022 -10"><span class='ocrx_word' id='word_1_442' title='bbox 410 4746 499 4808; x_wconf 87' lang='lat' dir='ltr'>rrrinis,</span> <span class='ocrx_word' id='word_1_443' title='bbox 515 4754 537 4798; x_wconf 87' lang='lat' dir='ltr'>et</span> <span class='ocrx_word' id='word_1_444' title='bbox 551 4742 659 4795; x_wconf 84' lang='lat' dir='ltr'>biberitis</span> <span class='ocrx_word' id='word_1_445' title='bbox 673 4741 727 4809; x_wconf 79' lang='lat' dir='ltr'>ejus</span> <span class='ocrx_word' id='word_1_446' title='bbox 742 4739 899 4807; x_wconf 77' lang='lat' dir='ltr'>sanquinem,</span> <span class='ocrx_word' id='word_1_447' title='bbox 910 4751 960 4788; x_wconf 84' lang='lat' dir='ltr'>nou</span> <span class='ocrx_word' id='word_1_448' title='bbox 971 4733 1090 4787; x_wconf 83' lang='lat' dir='ltr'>babebitis</span> <span class='ocrx_word' id='word_1_449' title='bbox 1102 4734 1178 4785; x_wconf 82' lang='lat' dir='ltr'>vitent</span> <span class='ocrx_word' id='word_1_450' title='bbox 1190 4732 1200 4762; x_wconf 86' lang='lat'>⁷</span> 
     </span>
     <span class='ocr_line' id='line_1_60' title="bbox 410 4803 1202 4880; baseline -0.02 -10"><span class='ocrx_word' id='word_1_451' title='bbox 410 4820 440 4870; x_wconf 87' lang='lat' dir='ltr'>in</span> <span class='ocrx_word' id='word_1_452' title='bbox 454 4816 531 4869; x_wconf 85' lang='lat' dir='ltr'>robis.</span> <span class='ocrx_word' id='word_1_453' title='bbox 547 4813 595 4880; x_wconf 85' lang='lat' dir='ltr'>Qui</span> <span class='ocrx_word' id='word_1_454' title='bbox 617 4811 751 4864; x_wconf 86' lang='lat' dir='ltr'>rnunducut</span> <span class='ocrx_word' id='word_1_455' title='bbox 770 4823 852 4861; x_wconf 89' lang='lat' dir='ltr'>rrreum</span> <span class='ocrx_word' id='word_1_456' title='bbox 867 4821 977 4867; x_wconf 82' lang='lat' dir='ltr'>eneruem,</span> <span class='ocrx_word' id='word_1_457' title='bbox 999 4812 1022 4858; x_wconf 89' lang='lat' dir='ltr'>el</span> <span class='ocrx_word' id='word_1_458' title='bbox 1042 4803 1100 4855; x_wconf 89' lang='lat' dir='ltr'>bibit</span> <span class='ocrx_word' id='word_1_459' title='bbox 1119 4818 1202 4854; x_wconf 80' lang='lat' dir='ltr'>arreum</span> 
     </span>
     <span class='ocr_line' id='line_1_61' title="bbox 410 4871 1200 4956; baseline -0.018 -19"><span class='ocrx_word' id='word_1_460' title='bbox 410 4886 571 4956; x_wconf 83' lang='lat' dir='ltr'>srrrrquinem,</span> <span class='ocrx_word' id='word_1_461' title='bbox 595 4882 667 4934; x_wconf 86' lang='lat' dir='ltr'>ltnbct</span> <span class='ocrx_word' id='word_1_462' title='bbox 694 4880 769 4931; x_wconf 87' lang='lat' dir='ltr'>nitent</span> <span class='ocrx_word' id='word_1_463' title='bbox 789 4888 908 4930; x_wconf 75' lang='lat' dir='ltr'>ceterarum</span> <span class='ocrx_word' id='word_1_464' title='bbox 925 4874 1015 4945; x_wconf 81' lang='lat' dir='ltr'>(ioan.</span> <span class='ocrx_word' id='word_1_465' title='bbox 1030 4889 1067 4933; x_wconf 86' lang='grc' dir='ltr'>ιι.</span> <span class='ocrx_word' id='word_1_466' title='bbox 1083 4872 1127 4936; x_wconf 83' lang='lat' dir='ltr'>5t,</span> <span class='ocrx_word' id='word_1_467' title='bbox 1144 4871 1200 4940; x_wconf 79' lang='lat'>55).</span> 
     </span>
     <span class='ocr_line' id='line_1_62' title="bbox 409 4943 1203 5024; baseline -0.019 -16"><span class='ocrx_word' id='word_1_468' title='bbox 409 4953 553 5024; x_wconf 75' lang='lat' dir='ltr'>erotrrotln</span> <span class='ocrx_word' id='word_1_469' title='bbox 565 4954 643 5022; x_wconf 85' lang='lat' dir='ltr'>igitur</span> <span class='ocrx_word' id='word_1_470' title='bbox 657 4951 736 5002; x_wconf 83' lang='lat' dir='ltr'>ritant</span> <span class='ocrx_word' id='word_1_471' title='bbox 751 4947 825 5018; x_wconf 90' lang='lat' dir='ltr'>regni</span> <span class='ocrx_word' id='word_1_472' title='bbox 839 4946 966 5001; x_wconf 81' lang='lat' dir='ltr'>cteiorunr</span> <span class='ocrx_word' id='word_1_473' title='bbox 979 4943 1131 5013; x_wconf 72' lang='lat' dir='ltr'>promittitis</span> <span class='ocrx_word' id='word_1_474' title='bbox 1144 4957 1203 5010; x_wconf 88' lang='lat' dir='ltr'>par·</span> 
     </span>
     <span class='ocr_line' id='line_1_63' title="bbox 411 5011 1203 5086; baseline -0.019 -7"><span class='ocrx_word' id='word_1_475' title='bbox 411 5027 493 5086; x_wconf 78' lang='lat' dir='ltr'>ruiis,</span> <span class='ocrx_word' id='word_1_476' title='bbox 508 5040 560 5077; x_wconf 82' lang='grc' dir='ltr'><strong>ιιοιι</strong></span> <span class='ocrx_word' id='word_1_477' title='bbox 575 5022 675 5077; x_wconf 89' lang='lat' dir='ltr'>renatis</span> <span class='ocrx_word' id='word_1_478' title='bbox 689 5034 722 5073; x_wconf 82' lang='lat' dir='ltr'>cs</span> <span class='ocrx_word' id='word_1_479' title='bbox 735 5032 801 5086; x_wconf 81' lang='lat' dir='ltr'>aqna</span> <span class='ocrx_word' id='word_1_480' title='bbox 816 5026 843 5071; x_wconf 91' lang='lat' dir='ltr'>et</span> <span class='ocrx_word' id='word_1_481' title='bbox 857 5015 956 5084; x_wconf 78' lang='lat' dir='ltr'>Spiritu</span> <span class='ocrx_word' id='word_1_482' title='bbox 971 5021 1081 5078; x_wconf 84' lang='lat' dir='ltr'>saneto,</span> <span class='ocrx_word' id='word_1_483' title='bbox 1096 5027 1148 5065; x_wconf 93' lang='lat' dir='ltr'>uon</span> <span class='ocrx_word' id='word_1_484' title='bbox 1163 5011 1203 5064; x_wconf 88' lang='lat' dir='ltr'>ei-</span> 
     </span>
     <span class='ocr_line' id='line_1_64' title="bbox 409 5080 1204 5162; baseline -0.025 -9"><span class='ocrx_word' id='word_1_485' title='bbox 409 5097 483 5153; x_wconf 78' lang='lat' dir='ltr'>tatis</span> <span class='ocrx_word' id='word_1_486' title='bbox 495 5108 586 5157; x_wconf 83' lang='lat' dir='ltr'>cartre,</span> <span class='ocrx_word' id='word_1_487' title='bbox 598 5107 684 5162; x_wconf 80' lang='lat' dir='ltr'>neque</span> <span class='ocrx_word' id='word_1_488' title='bbox 694 5091 791 5158; x_wconf 88' lang='lat' dir='ltr'>potatis</span> <span class='ocrx_word' id='word_1_489' title='bbox 805 5087 934 5156; x_wconf 88' lang='lat' dir='ltr'>sanguine</span> <span class='ocrx_word' id='word_1_490' title='bbox 945 5082 1055 5147; x_wconf 86' lang='lat' dir='ltr'>Christi,</span> <span class='ocrx_word' id='word_1_491' title='bbox 1070 5082 1114 5153; x_wconf 91' lang='lat' dir='ltr'>qni</span> <span class='ocrx_word' id='word_1_492' title='bbox 1130 5080 1204 5136; x_wconf 83' lang='lat' dir='ltr'>lrtsns</span> 
     </span>
     <span class='ocr_line' id='line_1_65' title="bbox 410 5152 1203 5226; baseline -0.024 -4"><span class='ocrx_word' id='word_1_493' title='bbox 410 5177 454 5222; x_wconf 87' lang='lat' dir='ltr'>est</span> <span class='ocrx_word' id='word_1_494' title='bbox 477 5165 503 5220; x_wconf 91' lang='lat' dir='ltr'>in</span> <span class='ocrx_word' id='word_1_495' title='bbox 526 5164 708 5217; x_wconf 90' lang='lat' dir='ltr'>remissionem</span> <span class='ocrx_word' id='word_1_496' title='bbox 725 5157 910 5226; x_wconf 73' lang='lat' dir='ltr'>peccatorum?</span> <span class='ocrx_word' id='word_1_497' title='bbox 924 5155 987 5224; x_wconf 84' lang='lat' dir='ltr'>Ejus</span> <span class='ocrx_word' id='word_1_498' title='bbox 1001 5154 1072 5207; x_wconf 93' lang='lat' dir='ltr'>euim</span> <span class='ocrx_word' id='word_1_499' title='bbox 1087 5152 1203 5207; x_wconf 89' lang='lat' dir='ltr'>edictum</span> 
     </span>
     <span class='ocr_line' id='line_1_66' title="bbox 410 5223 1203 5304; baseline -0.024 -11"><span class='ocrx_word' id='word_1_500' title='bbox 410 5247 455 5293; x_wconf 81' lang='lat' dir='ltr'>est</span> <span class='ocrx_word' id='word_1_501' title='bbox 471 5253 480 5290; x_wconf 74' lang='grc' dir='ltr'><em>τ</em></span> <span class='ocrx_word' id='word_1_502' title='bbox 496 5234 594 5304; x_wconf 85' lang='lat' dir='ltr'>Siquis</span> <span class='ocrx_word' id='word_1_503' title='bbox 606 5248 656 5286; x_wconf 88' lang='lat' dir='ltr'>non</span> <span class='ocrx_word' id='word_1_504' title='bbox 668 5239 769 5284; x_wconf 82' lang='lat' dir='ltr'>renatus</span> <span class='ocrx_word' id='word_1_505' title='bbox 782 5229 857 5297; x_wconf 70' lang='lat' dir='ltr'>[remit</span> <span class='ocrx_word' id='word_1_506' title='bbox 872 5243 902 5280; x_wconf 75' lang='lat' dir='ltr'>ee</span> <span class='ocrx_word' id='word_1_507' title='bbox 914 5241 980 5293; x_wconf 83' lang='lat' dir='ltr'>uque</span> <span class='ocrx_word' id='word_1_508' title='bbox 993 5234 1015 5277; x_wconf 87' lang='lat' dir='ltr'>et</span> <span class='ocrx_word' id='word_1_509' title='bbox 1027 5223 1125 5292; x_wconf 81' lang='lat' dir='ltr'>Spiritu</span> <span class='ocrx_word' id='word_1_510' title='bbox 1142 5238 1203 5274; x_wconf 87' lang='lat' dir='ltr'>surr-</span> 
     </span>
     <span class='ocr_line' id='line_1_67' title="bbox 411 5291 1205 5369; baseline -0.02 -8"><span class='ocrx_word' id='word_1_511' title='bbox 411 5317 466 5368; x_wconf 80' lang='lat' dir='ltr'>cto,</span> <span class='ocrx_word' id='word_1_512' title='bbox 482 5322 531 5359; x_wconf 89' lang='lat' dir='ltr'>non</span> <span class='ocrx_word' id='word_1_513' title='bbox 543 5304 655 5357; x_wconf 83' lang='lat' dir='ltr'>introibit</span> <span class='ocrx_word' id='word_1_514' title='bbox 669 5303 695 5353; x_wconf 92' lang='lat' dir='ltr'>in</span> <span class='ocrx_word' id='word_1_515' title='bbox 709 5315 813 5369; x_wconf 72' lang='lat' dir='ltr'>reprcunt</span> <span class='ocrx_word' id='word_1_516' title='bbox 831 5298 951 5351; x_wconf 83' lang='lat' dir='ltr'>coeiorunr</span> <span class='ocrx_word' id='word_1_517' title='bbox 971 5293 1025 5364; x_wconf 83' lang='lat' dir='ltr'>(id.</span> <span class='ocrx_word' id='word_1_518' title='bbox 1050 5309 1088 5354; x_wconf 91' lang='lat' dir='ltr'>tu,</span> <span class='ocrx_word' id='word_1_519' title='bbox 1108 5293 1147 5361; x_wconf 69' lang='grc' dir='ltr'>ὅ).</span> <span class='ocrx_word' id='word_1_520' title='bbox 1163 5291 1205 5345; x_wconf 90' lang='lat' dir='ltr'>in-</span> 
     </span>
     <span class='ocr_line' id='line_1_68' title="bbox 411 5362 1203 5444; baseline -0.024 -13"><span class='ocrx_word' id='word_1_521' title='bbox 411 5386 485 5431; x_wconf 81' lang='lat' dir='ltr'>trare</span> <span class='ocrx_word' id='word_1_522' title='bbox 495 5376 593 5444; x_wconf 89' lang='lat' dir='ltr'>qnippe</span> <span class='ocrx_word' id='word_1_523' title='bbox 608 5374 634 5427; x_wconf 92' lang='lat' dir='ltr'>iu</span> <span class='ocrx_word' id='word_1_524' title='bbox 649 5385 757 5440; x_wconf 86' lang='lat' dir='ltr'>regnunt</span> <span class='ocrx_word' id='word_1_525' title='bbox 767 5367 897 5423; x_wconf 77' lang='lat' dir='ltr'>emiorum</span> <span class='ocrx_word' id='word_1_526' title='bbox 912 5380 964 5419; x_wconf 92' lang='lat' dir='ltr'>nun</span> <span class='ocrx_word' id='word_1_527' title='bbox 979 5362 1049 5417; x_wconf 78' lang='lat' dir='ltr'>alind</span> <span class='ocrx_word' id='word_1_528' title='bbox 1063 5370 1114 5426; x_wconf 89' lang='lat' dir='ltr'>est,</span> <span class='ocrx_word' id='word_1_529' title='bbox 1126 5376 1203 5431; x_wconf 90' lang='lat' dir='ltr'>quum</span> 
     </span>
     <span class='ocr_line' id='line_1_69' title="bbox 411 5432 1204 5509; baseline -0.02 -9"><span class='ocrx_word' id='word_1_530' title='bbox 411 5446 468 5500; x_wconf 85' lang='lat' dir='ltr'>ritu</span> <span class='ocrx_word' id='word_1_531' title='bbox 483 5446 558 5497; x_wconf 88' lang='lat' dir='ltr'>beata</span> <span class='ocrx_word' id='word_1_532' title='bbox 574 5445 671 5507; x_wconf 75' lang='lat' dir='ltr'>risere,</span> <span class='ocrx_word' id='word_1_533' title='bbox 693 5457 753 5508; x_wconf 79' lang='lat' dir='ltr'>anu</span> <span class='ocrx_word' id='word_1_534' title='bbox 774 5444 911 5509; x_wconf 82' lang='lat' dir='ltr'>perrrr&#39;uuet</span> <span class='ocrx_word' id='word_1_535' title='bbox 936 5436 961 5489; x_wconf 90' lang='lat' dir='ltr'>in</span> <span class='ocrx_word' id='word_1_536' title='bbox 981 5433 1078 5487; x_wconf 77' lang='lat' dir='ltr'>secusia</span> <span class='ocrx_word' id='word_1_537' title='bbox 1091 5432 1204 5485; x_wconf 58' lang='lat' dir='ltr'>sacerdo·</span> 
     </span>
     <span class='ocr_line' id='line_1_70' title="bbox 412 5501 1206 5581; baseline -0.02 -10"><span class='ocrx_word' id='word_1_538' title='bbox 412 5532 485 5573; x_wconf 89' lang='lat' dir='ltr'>rum.</span> <span class='ocrx_word' id='word_1_539' title='bbox 497 5514 564 5570; x_wconf 83' lang='lat' dir='ltr'>Ecce</span> <span class='ocrx_word' id='word_1_540' title='bbox 578 5529 631 5568; x_wconf 76' lang='lat' dir='ltr'>riou</span> <span class='ocrx_word' id='word_1_541' title='bbox 641 5513 798 5581; x_wconf 83' lang='lat' dir='ltr'>baptizatus,</span> <span class='ocrx_word' id='word_1_542' title='bbox 807 5507 881 5563; x_wconf 82' lang='lat' dir='ltr'>uitali</span> <span class='ocrx_word' id='word_1_543' title='bbox 891 5506 971 5561; x_wconf 88' lang='lat' dir='ltr'>etiam</span> <span class='ocrx_word' id='word_1_544' title='bbox 986 5504 1045 5559; x_wconf 88' lang='lat' dir='ltr'>cibo</span> <span class='ocrx_word' id='word_1_545' title='bbox 1059 5501 1206 5572; x_wconf 88' lang='lat' dir='ltr'>poculoque</span> 
     </span>
    </p>
   </div>
   <div class='ocr_carea' id='block_1_3' title="bbox 413 5685 1207 6178">
    <p class='ocr_par' dir='ltr' id='par_1_6' title="bbox 413 5685 1207 6178">
     <span class='ocr_line' id='line_1_71' title="bbox 445 5685 801 5742; baseline -0.022 -4"><span class='ocrx_word' id='word_1_546' title='bbox 445 5688 455 5723; x_wconf 86' lang='lat'><strong>¹</strong></span> <span class='ocrx_word' id='word_1_547' title='bbox 472 5685 557 5737; x_wconf 79' lang='lat' dir='ltr'>eiures</span> <span class='ocrx_word' id='word_1_548' title='bbox 568 5694 624 5736; x_wconf 88' lang='lat' dir='ltr'>ttss.</span> <span class='ocrx_word' id='word_1_549' title='bbox 637 5686 760 5742; x_wconf 88' lang='lat' dir='ltr'>ornittnnt,</span> <span class='ocrx_word' id='word_1_550' title='bbox 769 5688 801 5733; x_wconf 89' lang='lat' dir='ltr'>et.</span> 
     </span>
     <span class='ocr_line' id='line_1_72' title="bbox 445 5745 855 5806; baseline -0.022 -8"><span class='ocrx_word' id='word_1_551' title='bbox 445 5751 456 5780; x_wconf 74' lang='lat' dir='ltr'>s</span> <span class='ocrx_word' id='word_1_552' title='bbox 472 5749 513 5797; x_wconf 85' lang='lat' dir='ltr'>uic</span> <span class='ocrx_word' id='word_1_553' title='bbox 523 5748 626 5806; x_wconf 75' lang='lat' dir='ltr'>aritine,</span> <span class='ocrx_word' id='word_1_554' title='bbox 637 5745 745 5801; x_wconf 84' lang='lat' dir='ltr'>scientia,</span> <span class='ocrx_word' id='word_1_555' title='bbox 758 5757 789 5794; x_wconf 83' lang='lat' dir='ltr'>er</span> <span class='ocrx_word' id='word_1_556' title='bbox 803 5750 855 5791; x_wconf 87' lang='lat' dir='ltr'>stss.</span> 
     </span>
     <span class='ocr_line' id='line_1_73' title="bbox 443 5800 1169 5871; baseline -0.022 -12"><span class='ocrx_word' id='word_1_557' title='bbox 443 5813 456 5845; x_wconf 81' lang='lat'><strong>³</strong></span> <span class='ocrx_word' id='word_1_558' title='bbox 471 5807 635 5867; x_wconf 71' lang='lat' dir='ltr'>touexootb„</span> <span class='ocrx_word' id='word_1_559' title='bbox 645 5807 759 5870; x_wconf 87' lang='lat' dir='ltr'>inquom.</span> <span class='ocrx_word' id='word_1_560' title='bbox 770 5802 811 5853; x_wconf 85' lang='lat' dir='ltr'>sili</span> <span class='ocrx_word' id='word_1_561' title='bbox 822 5811 883 5859; x_wconf 77' lang='lat' dir='ltr'>stes..</span> <span class='ocrx_word' id='word_1_562' title='bbox 896 5800 960 5871; x_wconf 75' lang='lat' dir='ltr'>quiq.</span> <span class='ocrx_word' id='word_1_563' title='bbox 1146 5855 1151 5864; x_wconf 25' lang='grc' dir='ltr'>υ</span> <span class='ocrx_word' id='word_1_564' title='bbox 1164 5855 1169 5866; x_wconf 33' lang='grc'>1</span> 
     </span>
     <span class='ocr_line' id='line_1_74' title="bbox 445 5855 1207 5925; baseline -0.02 -4"><span class='ocrx_word' id='word_1_565' title='bbox 445 5876 546 5920; x_wconf 59' lang='lat' dir='ltr'>lum:</span> <span class='ocrx_word' id='word_1_566' title='bbox 565 5878 616 5920; x_wconf 81' lang='lat' dir='ltr'>tter</span> <span class='ocrx_word' id='word_1_567' title='bbox 626 5868 690 5920; x_wconf 86' lang='lat' dir='ltr'>enirn</span> <span class='ocrx_word' id='word_1_568' title='bbox 700 5866 778 5919; x_wconf 85' lang='lat' dir='ltr'>soletis</span> <span class='ocrx_word' id='word_1_569' title='bbox 797 5864 887 5921; x_wconf 83' lang='lat' dir='ltr'>dicere,</span> <span class='ocrx_word' id='word_1_570' title='bbox 900 5863 1024 5925; x_wconf 82' lang='lat' dir='ltr'>drqueutcs</span> <span class='ocrx_word' id='word_1_571' title='bbox 1045 5855 1207 5917; x_wconf 67' lang='lat' dir='ltr'>enitesceret</span> 
     </span>
     <span class='ocr_line' id='line_1_75' title="bbox 429 5945 468 5965; baseline 0.051 -2"><span class='ocrx_word' id='word_1_572' title='bbox 429 5946 440 5963; x_wconf 74' lang='grc' dir='ltr'><strong><em>ο</em></strong></span> <span class='ocrx_word' id='word_1_573' title='bbox 447 5946 453 5955; x_wconf 93' lang='grc'><em>“</em></span> <span class='ocrx_word' id='word_1_574' title='bbox 462 5945 468 5965; x_wconf 73' lang='lat' dir='ltr'>b</span> 
     </span>
     <span class='ocr_line' id='line_1_76' title="bbox 413 5940 918 6059; baseline -0.018 -14"><span class='ocrx_word' id='word_1_575' title='bbox 413 5946 433 5985; x_wconf 45' lang='lat' dir='ltr'><strong><em>a</em></strong></span> <span class='ocrx_word' id='word_1_576' title='bbox 442 5962 454 6026; x_wconf 53' lang='grc' dir='ltr'>ι·</span> <span class='ocrx_word' id='word_1_577' title='bbox 463 5940 569 6043; x_wconf 47' lang='lat' dir='ltr'>⁸tertiarii&#39;et</span> <span class='ocrx_word' id='word_1_578' title='bbox 580 5990 687 6042; x_wconf 87' lang='lat' dir='ltr'>nonnulii</span> <span class='ocrx_word' id='word_1_579' title='bbox 697 6003 728 6040; x_wconf 81' lang='lat' dir='ltr'>cx</span> <span class='ocrx_word' id='word_1_580' title='bbox 738 5997 802 6059; x_wconf 35' lang='lat' dir='ltr'>uss...</span> <span class='ocrx_word' id='word_1_581' title='bbox 814 5984 918 6055; x_wconf 26' lang='lat' dir='ltr'>minster.-</span> 
     </span>
     <span class='ocr_line' id='line_1_77' title="bbox 444 6048 937 6107; baseline -0.028 -2"><span class='ocrx_word' id='word_1_582' title='bbox 444 6060 455 6084; x_wconf 75' lang='lat'>⁶</span> <span class='ocrx_word' id='word_1_583' title='bbox 472 6056 508 6104; x_wconf 66' lang='lat' dir='ltr'>&gt;ie</span> <span class='ocrx_word' id='word_1_584' title='bbox 519 6063 571 6103; x_wconf 77' lang='lat' dir='ltr'>stus.</span> <span class='ocrx_word' id='word_1_585' title='bbox 583 6062 609 6101; x_wconf 89' lang='lat' dir='ltr'>st</span> <span class='ocrx_word' id='word_1_586' title='bbox 621 6054 687 6107; x_wconf 81' lang='lat' dir='ltr'>erliti,</span> <span class='ocrx_word' id='word_1_587' title='bbox 704 6060 794 6100; x_wconf 83' lang='lat' dir='ltr'>norunt</span> <span class='ocrx_word' id='word_1_588' title='bbox 804 6048 937 6098; x_wconf 76' lang='lat' dir='ltr'>serirutorrs.</span> 
     </span>
     <span class='ocr_line' id='line_1_78' title="bbox 445 6111 984 6178; baseline -0.028 -11"><span class='ocrx_word' id='word_1_589' title='bbox 445 6122 454 6144; x_wconf 76' lang='lat'><strong>¹</strong></span> <span class='ocrx_word' id='word_1_590' title='bbox 473 6119 532 6166; x_wconf 74' lang='lat' dir='ltr'>rurtt</span> <span class='ocrx_word' id='word_1_591' title='bbox 543 6124 568 6166; x_wconf 85' lang='lat' dir='ltr'>et</span> <span class='ocrx_word' id='word_1_592' title='bbox 578 6114 669 6178; x_wconf 77' lang='lat' dir='ltr'>aliquot</span> <span class='ocrx_word' id='word_1_593' title='bbox 690 6119 742 6162; x_wconf 72' lang='lat' dir='ltr'>lb&#39;s.</span> <span class='ocrx_word' id='word_1_594' title='bbox 752 6111 851 6168; x_wconf 74' lang='lat' dir='ltr'>seiciunt,</span> <span class='ocrx_word' id='word_1_595' title='bbox 862 6116 984 6159; x_wconf 81' lang='lat' dir='ltr'>teternmu.</span> 
     </span>
    </p>
   </div>
   <div class='ocr_carea' id='block_1_4' title="bbox 938 639 1509 710">
    <p class='ocr_par' dir='ltr' id='par_1_7' title="bbox 938 639 1509 710">
     <span class='ocr_line' id='line_1_79' title="bbox 938 639 1509 710; baseline 0.002 -16"><span class='ocrx_word' id='word_1_596' title='bbox 938 639 1217 697; x_wconf 75' lang='lat' dir='ltr'>iiii’OGh&#39;OSTiCON</span> <span class='ocrx_word' id='word_1_597' title='bbox 1238 641 1336 698; x_wconf 70' lang='lat' dir='ltr'>Ltttttt</span> <span class='ocrx_word' id='word_1_598' title='bbox 1351 642 1509 710; x_wconf 68' lang='lat' dir='ltr'>Qttttths.</span> 
     </span>
    </p>
   </div>
   <div class='ocr_carea' id='block_1_5' title="bbox 1961 644 2030 702">
    <p class='ocr_par' dir='ltr' id='par_1_8' title="bbox 1961 644 2030 702">
     <span class='ocr_line' id='line_1_80' title="bbox 1961 644 2030 702; baseline 0.014 -1"><span class='ocrx_word' id='word_1_599' title='bbox 1961 644 2030 702; x_wconf 66' lang='lat' dir='ltr'>lbet</span> 
     </span>
    </p>
   </div>
   <div class='ocr_carea' id='block_1_6' title="bbox 1244 752 2107 5999">
    <p class='ocr_par' dir='ltr' id='par_1_9' title="bbox 1244 752 2083 2994">
     <span class='ocr_line' id='line_1_81' title="bbox 1244 752 2034 823; baseline 0 -16"><span class='ocrx_word' id='word_1_600' title='bbox 1244 753 1374 822; x_wconf 80' lang='lat' dir='ltr'>privatus,</span> <span class='ocrx_word' id='word_1_601' title='bbox 1390 752 1542 807; x_wconf 87' lang='lat' dir='ltr'>diriditnra</span> <span class='ocrx_word' id='word_1_602' title='bbox 1558 768 1639 823; x_wconf 83' lang='lat' dir='ltr'>regno</span> <span class='ocrx_word' id='word_1_603' title='bbox 1653 752 1793 815; x_wconf 80' lang='lat' dir='ltr'>rotomo,</span> <span class='ocrx_word' id='word_1_604' title='bbox 1810 752 1854 808; x_wconf 90' lang='lat' dir='ltr'>ubi</span> <span class='ocrx_word' id='word_1_605' title='bbox 1869 753 1927 808; x_wconf 86' lang='lat' dir='ltr'>lons</span> <span class='ocrx_word' id='word_1_606' title='bbox 1942 753 2034 809; x_wconf 73' lang='lat' dir='ltr'>riser.-</span> 
     </span>
     <span class='ocr_line' id='line_1_82' title="bbox 1244 823 2034 893; baseline 0.003 -17"><span class='ocrx_word' id='word_1_607' title='bbox 1244 823 1309 878; x_wconf 90' lang='lat' dir='ltr'>tium</span> <span class='ocrx_word' id='word_1_608' title='bbox 1324 833 1461 893; x_wconf 85' lang='lat' dir='ltr'>permanet</span> <span class='ocrx_word' id='word_1_609' title='bbox 1470 823 1602 878; x_wconf 86' lang='lat' dir='ltr'>Cirristns.</span> <span class='ocrx_word' id='word_1_610' title='bbox 1614 825 1648 877; x_wconf 88' lang='lat' dir='ltr'>ba</span> <span class='ocrx_word' id='word_1_611' title='bbox 1663 823 1725 877; x_wconf 92' lang='lat' dir='ltr'>mihi</span> <span class='ocrx_word' id='word_1_612' title='bbox 1737 833 1832 892; x_wconf 77' lang='lat' dir='ltr'>prutes</span> <span class='ocrx_word' id='word_1_613' title='bbox 1841 825 1911 878; x_wconf 81' lang='lat' dir='ltr'>branc</span> <span class='ocrx_word' id='word_1_614' title='bbox 1921 824 2034 879; x_wconf 88' lang='lat' dir='ltr'>aiterum</span> 
     </span>
     <span class='ocr_line' id='line_1_83' title="bbox 1244 893 2034 964; baseline 0.001 -17"><span class='ocrx_word' id='word_1_615' title='bbox 1244 893 1342 955; x_wconf 89' lang='lat' dir='ltr'>locum,</span> <span class='ocrx_word' id='word_1_616' title='bbox 1358 894 1403 948; x_wconf 95' lang='lat' dir='ltr'>uhi</span> <span class='ocrx_word' id='word_1_617' title='bbox 1413 895 1473 947; x_wconf 76' lang='lat' dir='ltr'>rite</span> <span class='ocrx_word' id='word_1_618' title='bbox 1484 893 1567 964; x_wconf 80' lang='lat' dir='ltr'>possit</span> <span class='ocrx_word' id='word_1_619' title='bbox 1580 893 1684 962; x_wconf 77' lang='lat' dir='ltr'>requies</span> <span class='ocrx_word' id='word_1_620' title='bbox 1695 907 1755 948; x_wconf 87' lang='lat' dir='ltr'>esse</span> <span class='ocrx_word' id='word_1_621' title='bbox 1768 896 1901 961; x_wconf 74' lang='lat' dir='ltr'>perennis.</span> <span class='ocrx_word' id='word_1_622' title='bbox 1915 895 2034 948; x_wconf 78' lang='lat' dir='ltr'>Primum</span> 
     </span>
     <span class='ocr_line' id='line_1_84' title="bbox 1244 963 2034 1020; baseline 0.004 -3"><span class='ocrx_word' id='word_1_623' title='bbox 1244 964 1314 1017; x_wconf 86' lang='lat' dir='ltr'>euim</span> <span class='ocrx_word' id='word_1_624' title='bbox 1338 964 1426 1019; x_wconf 92' lang='lat' dir='ltr'>iocum</span> <span class='ocrx_word' id='word_1_625' title='bbox 1452 963 1517 1017; x_wconf 86' lang='lat' dir='ltr'>tides</span> <span class='ocrx_word' id='word_1_626' title='bbox 1542 963 1738 1018; x_wconf 70' lang='lat' dir='ltr'>tirtlrolicorum</span> <span class='ocrx_word' id='word_1_627' title='bbox 1766 963 1853 1017; x_wconf 84' lang='lat' dir='ltr'>diuina</span> <span class='ocrx_word' id='word_1_628' title='bbox 1878 967 2034 1020; x_wconf 86' lang='lat' dir='ltr'>auctoritate</span> 
     </span>
     <span class='ocr_line' id='line_1_85' title="bbox 1244 1032 2034 1114; baseline 0.004 -28"><span class='ocrx_word' id='word_1_629' title='bbox 1244 1048 1355 1114; x_wconf 86' lang='lat' dir='ltr'>regnum</span> <span class='ocrx_word' id='word_1_630' title='bbox 1371 1033 1454 1088; x_wconf 90' lang='lat' dir='ltr'>credit</span> <span class='ocrx_word' id='word_1_631' title='bbox 1468 1048 1528 1088; x_wconf 88' lang='lat' dir='ltr'>csse</span> <span class='ocrx_word' id='word_1_632' title='bbox 1540 1033 1678 1096; x_wconf 88' lang='lat' dir='ltr'>coelnrnm,</span> <span class='ocrx_word' id='word_1_633' title='bbox 1695 1032 1775 1098; x_wconf 87' lang='lat' dir='ltr'>rrrrdc,</span> <span class='ocrx_word' id='word_1_634' title='bbox 1792 1042 1821 1086; x_wconf 94' lang='lat' dir='ltr'>ut</span> <span class='ocrx_word' id='word_1_635' title='bbox 1835 1034 1900 1099; x_wconf 83' lang='lat' dir='ltr'>dixi,</span> <span class='ocrx_word' id='word_1_636' title='bbox 1914 1050 1966 1089; x_wconf 91' lang='lat' dir='ltr'>nou</span> <span class='ocrx_word' id='word_1_637' title='bbox 1981 1035 2034 1089; x_wconf 79' lang='lat' dir='ltr'>iiu-</span> 
     </span>
     <span class='ocr_line' id='line_1_86' title="bbox 1244 1103 2033 1173; baseline 0.003 -17"><span class='ocrx_word' id='word_1_638' title='bbox 1244 1112 1356 1172; x_wconf 87' lang='lat' dir='ltr'>ptrzutus</span> <span class='ocrx_word' id='word_1_639' title='bbox 1369 1104 1500 1172; x_wconf 72' lang='lat' dir='ltr'>excipitur</span> <span class='ocrx_word' id='word_1_640' title='bbox 1516 1120 1522 1155; x_wconf 94' lang='lat'><strong>:</strong></span> <span class='ocrx_word' id='word_1_641' title='bbox 1537 1103 1694 1166; x_wconf 87' lang='lat' dir='ltr'>seeundum,</span> <span class='ocrx_word' id='word_1_642' title='bbox 1708 1103 1868 1173; x_wconf 87' lang='lat' dir='ltr'>gehennam,</span> <span class='ocrx_word' id='word_1_643' title='bbox 1887 1104 1932 1158; x_wconf 91' lang='lat' dir='ltr'>uhi</span> <span class='ocrx_word' id='word_1_644' title='bbox 1947 1107 2033 1158; x_wconf 86' lang='lat' dir='ltr'>amuis</span> 
     </span>
     <span class='ocr_line' id='line_1_87' title="bbox 1244 1172 2034 1244; baseline 0.003 -17"><span class='ocrx_word' id='word_1_645' title='bbox 1244 1181 1365 1242; x_wconf 81' lang='lat' dir='ltr'>apostata</span> <span class='ocrx_word' id='word_1_646' title='bbox 1380 1175 1422 1228; x_wconf 89' lang='lat' dir='ltr'>rel</span> <span class='ocrx_word' id='word_1_647' title='bbox 1444 1189 1459 1227; x_wconf 90' lang='lat' dir='ltr'>a</span> <span class='ocrx_word' id='word_1_648' title='bbox 1482 1172 1580 1227; x_wconf 83' lang='lat' dir='ltr'>Christi</span> <span class='ocrx_word' id='word_1_649' title='bbox 1601 1173 1651 1226; x_wconf 88' lang='lat' dir='ltr'>lide</span> <span class='ocrx_word' id='word_1_650' title='bbox 1666 1173 1767 1226; x_wconf 82' lang='lat' dir='ltr'>alienus</span> <span class='ocrx_word' id='word_1_651' title='bbox 1780 1183 1880 1228; x_wconf 83' lang='lat' dir='ltr'>aterna</span> <span class='ocrx_word' id='word_1_652' title='bbox 1903 1174 2034 1244; x_wconf 86' lang='lat' dir='ltr'>supplicia</span> 
     </span>
     <span class='ocr_line' id='line_1_88' title="bbox 1244 1243 2035 1325; baseline 0.004 -29"><span class='ocrx_word' id='word_1_653' title='bbox 1244 1244 1414 1312; x_wconf 79' lang='lat' dir='ltr'>experietur:</span> <span class='ocrx_word' id='word_1_654' title='bbox 1431 1245 1537 1298; x_wconf 91' lang='lat' dir='ltr'>tertium</span> <span class='ocrx_word' id='word_1_655' title='bbox 1551 1244 1656 1325; x_wconf 82' lang='lat' dir='ltr'>penitus</span> <span class='ocrx_word' id='word_1_656' title='bbox 1667 1243 1829 1312; x_wconf 73' lang='lat' dir='ltr'>ignoramus,</span> <span class='ocrx_word' id='word_1_657' title='bbox 1846 1244 1899 1297; x_wconf 90' lang='lat' dir='ltr'>imo</span> <span class='ocrx_word' id='word_1_658' title='bbox 1913 1261 1962 1298; x_wconf 90' lang='lat' dir='ltr'>nec</span> <span class='ocrx_word' id='word_1_659' title='bbox 1976 1259 2035 1299; x_wconf 84' lang='lat' dir='ltr'>esse</span> 
     </span>
     <span class='ocr_line' id='line_1_89' title="bbox 1245 1312 2033 1396; baseline 0.004 -29"><span class='ocrx_word' id='word_1_660' title='bbox 1245 1313 1271 1367; x_wconf 92' lang='lat' dir='ltr'>in</span> <span class='ocrx_word' id='word_1_661' title='bbox 1286 1312 1430 1383; x_wconf 86' lang='lat' dir='ltr'>Scripturis</span> <span class='ocrx_word' id='word_1_662' title='bbox 1442 1321 1541 1368; x_wconf 74' lang='lat' dir='ltr'>sinetis</span> <span class='ocrx_word' id='word_1_663' title='bbox 1555 1315 1720 1369; x_wconf 78' lang='lat' dir='ltr'>rnrenicmus</span> <span class='ocrx_word' id='word_1_664' title='bbox 1735 1315 1755 1366; x_wconf 91' lang='lat'>¹.</span> <span class='ocrx_word' id='word_1_665' title='bbox 1772 1313 1865 1396; x_wconf 82' lang='lat' dir='ltr'>Finge,</span> <span class='ocrx_word' id='word_1_666' title='bbox 1882 1314 2033 1382; x_wconf 84' lang='lat' dir='ltr'>Pelagiune,</span> 
     </span>
     <span class='ocr_line' id='line_1_90' title="bbox 1245 1383 2034 1456; baseline 0.001 -19"><span class='ocrx_word' id='word_1_667' title='bbox 1245 1383 1331 1438; x_wconf 80' lang='grc' dir='ltr'><strong>Ιιιιιιιιι</strong></span> <span class='ocrx_word' id='word_1_668' title='bbox 1345 1400 1379 1438; x_wconf 85' lang='lat' dir='ltr'>ex</span> <span class='ocrx_word' id='word_1_669' title='bbox 1396 1384 1501 1438; x_wconf 88' lang='lat' dir='ltr'>niiiciua</span> <span class='ocrx_word' id='word_1_670' title='bbox 1518 1385 1633 1452; x_wconf 84' lang='lat' dir='ltr'>peruersi</span> <span class='ocrx_word' id='word_1_671' title='bbox 1648 1383 1778 1456; x_wconf 76' lang='lat' dir='ltr'>dogmatis</span> <span class='ocrx_word' id='word_1_672' title='bbox 1792 1393 1830 1438; x_wconf 90' lang='grc' dir='ltr'><strong>ιιιι</strong></span> <span class='ocrx_word' id='word_1_673' title='bbox 1844 1426 1852 1450; x_wconf 89' lang='grc'><strong>,</strong></span> <span class='ocrx_word' id='word_1_674' title='bbox 1866 1385 1910 1438; x_wconf 93' lang='lat' dir='ltr'>uhi</span> <span class='ocrx_word' id='word_1_675' title='bbox 1925 1383 2006 1440; x_wconf 89' lang='lat' dir='ltr'>alicui</span> <span class='ocrx_word' id='word_1_676' title='bbox 2020 1401 2034 1438; x_wconf 87' lang='lat' dir='ltr'>a</span> 
     </span>
     <span class='ocr_line' id='line_1_91' title="bbox 1244 1452 2036 1524; baseline 0.001 -17"><span class='ocrx_word' id='word_1_677' title='bbox 1244 1452 1341 1507; x_wconf 75' lang='lat' dir='ltr'>Christi</span> <span class='ocrx_word' id='word_1_678' title='bbox 1356 1454 1439 1523; x_wconf 90' lang='lat' dir='ltr'>gratia</span> <span class='ocrx_word' id='word_1_679' title='bbox 1455 1455 1534 1508; x_wconf 77' lang='lat' dir='ltr'>ritant</span> <span class='ocrx_word' id='word_1_680' title='bbox 1555 1454 1655 1523; x_wconf 90' lang='lat' dir='ltr'>requiei</span> <span class='ocrx_word' id='word_1_681' title='bbox 1670 1464 1697 1508; x_wconf 90' lang='lat' dir='ltr'>et</span> <span class='ocrx_word' id='word_1_682' title='bbox 1709 1454 1799 1522; x_wconf 74' lang='lat' dir='ltr'>gloriar</span> <span class='ocrx_word' id='word_1_683' title='bbox 1821 1453 1958 1523; x_wconf 88' lang='lat' dir='ltr'>possidere</span> <span class='ocrx_word' id='word_1_684' title='bbox 1974 1470 2036 1524; x_wconf 92' lang='lat' dir='ltr'>par·</span> 
     </span>
     <span class='ocr_line' id='line_1_92' title="bbox 1245 1523 2036 1593; baseline 0.003 -17"><span class='ocrx_word' id='word_1_685' title='bbox 1245 1523 1298 1578; x_wconf 86' lang='lat' dir='ltr'>ruli</span> <span class='ocrx_word' id='word_1_686' title='bbox 1315 1525 1425 1592; x_wconf 89' lang='lat' dir='ltr'>possint.</span> <span class='ocrx_word' id='word_1_687' title='bbox 1441 1524 1553 1579; x_wconf 76' lang='lat' dir='ltr'>Dextera</span> <span class='ocrx_word' id='word_1_688' title='bbox 1569 1532 1610 1578; x_wconf 90' lang='lat' dir='ltr'>est</span> <span class='ocrx_word' id='word_1_689' title='bbox 1628 1524 1692 1593; x_wconf 84' lang='lat' dir='ltr'>justi</span> <span class='ocrx_word' id='word_1_690' title='bbox 1712 1524 1829 1579; x_wconf 89' lang='lat' dir='ltr'>sedentis</span> <span class='ocrx_word' id='word_1_691' title='bbox 1846 1524 1943 1592; x_wconf 83' lang='lat' dir='ltr'>judicis</span> <span class='ocrx_word' id='word_1_692' title='bbox 1957 1534 1982 1578; x_wconf 90' lang='lat' dir='ltr'>et</span> <span class='ocrx_word' id='word_1_693' title='bbox 1998 1525 2036 1578; x_wconf 92' lang='lat' dir='ltr'>si-</span> 
     </span>
     <span class='ocr_line' id='line_1_93' title="bbox 1245 1589 2083 1665; baseline 0.002 -18"><span class='ocrx_word' id='word_1_694' title='bbox 1245 1595 1338 1657; x_wconf 87' lang='lat' dir='ltr'>nistra,</span> <span class='ocrx_word' id='word_1_695' title='bbox 1354 1609 1463 1661; x_wconf 88' lang='lat' dir='ltr'>regnum</span> <span class='ocrx_word' id='word_1_696' title='bbox 1479 1605 1519 1649; x_wconf 91' lang='lat' dir='ltr'>est</span> <span class='ocrx_word' id='word_1_697' title='bbox 1533 1603 1559 1648; x_wconf 92' lang='lat' dir='ltr'>et</span> <span class='ocrx_word' id='word_1_698' title='bbox 1571 1589 1702 1662; x_wconf 67' lang='lat' dir='ltr'>gehenna,</span> <span class='ocrx_word' id='word_1_699' title='bbox 1717 1594 1770 1648; x_wconf 88' lang='lat' dir='ltr'>rita</span> <span class='ocrx_word' id='word_1_700' title='bbox 1786 1602 1827 1648; x_wconf 89' lang='lat' dir='ltr'>est</span> <span class='ocrx_word' id='word_1_701' title='bbox 1840 1603 1866 1648; x_wconf 91' lang='lat' dir='ltr'>et</span> <span class='ocrx_word' id='word_1_702' title='bbox 1878 1609 1961 1657; x_wconf 88' lang='lat' dir='ltr'>mors,</span> <span class='ocrx_word' id='word_1_703' title='bbox 1972 1594 2036 1665; x_wconf 85' lang='lat' dir='ltr'>justi</span> <span class='ocrx_word' id='word_1_704' title='bbox 2079 1638 2083 1649; x_wconf 94' lang='lat'>.</span> 
     </span>
     <span class='ocr_line' id='line_1_94' title="bbox 1245 1663 2035 1745; baseline 0.003 -30"><span class='ocrx_word' id='word_1_705' title='bbox 1245 1672 1310 1745; x_wconf 75' lang='lat' dir='ltr'>sunt</span> <span class='ocrx_word' id='word_1_706' title='bbox 1322 1674 1348 1745; x_wconf 80' lang='lat' dir='ltr'>et</span> <span class='ocrx_word' id='word_1_707' title='bbox 1363 1665 1455 1733; x_wconf 93' lang='lat' dir='ltr'>iniqui.</span> <span class='ocrx_word' id='word_1_708' title='bbox 1473 1665 1500 1718; x_wconf 95' lang='lat' dir='ltr'>in</span> <span class='ocrx_word' id='word_1_709' title='bbox 1516 1665 1624 1718; x_wconf 84' lang='lat' dir='ltr'>dextera</span> <span class='ocrx_word' id='word_1_710' title='bbox 1638 1665 1717 1732; x_wconf 74' lang='lat' dir='ltr'>igitur</span> <span class='ocrx_word' id='word_1_711' title='bbox 1727 1663 1791 1735; x_wconf 81' lang='lat' dir='ltr'>justi</span> <span class='ocrx_word' id='word_1_712' title='bbox 1805 1674 1867 1718; x_wconf 87' lang='lat' dir='ltr'>sunt</span> <span class='ocrx_word' id='word_1_713' title='bbox 1880 1664 2016 1718; x_wconf 90' lang='lat' dir='ltr'>constituti</span> <span class='ocrx_word' id='word_1_714' title='bbox 2028 1680 2035 1727; x_wconf 93' lang='lat'>;</span> 
     </span>
     <span class='ocr_line' id='line_1_95' title="bbox 1246 1734 2038 1805; baseline -0.001 -19"><span class='ocrx_word' id='word_1_715' title='bbox 1246 1748 1272 1786; x_wconf 91' lang='grc' dir='ltr'>ιιι</span> <span class='ocrx_word' id='word_1_716' title='bbox 1288 1742 1405 1795; x_wconf 88' lang='lat' dir='ltr'>srnrstra,</span> <span class='ocrx_word' id='word_1_717' title='bbox 1421 1735 1534 1803; x_wconf 90' lang='lat' dir='ltr'>operarii</span> <span class='ocrx_word' id='word_1_718' title='bbox 1550 1734 1716 1804; x_wconf 90' lang='lat' dir='ltr'>iniquitatis:</span> <span class='ocrx_word' id='word_1_719' title='bbox 1732 1735 1758 1788; x_wconf 93' lang='lat' dir='ltr'>in</span> <span class='ocrx_word' id='word_1_720' title='bbox 1772 1749 1855 1804; x_wconf 91' lang='lat' dir='ltr'>reguo</span> <span class='ocrx_word' id='word_1_721' title='bbox 1870 1734 1975 1805; x_wconf 88' lang='lat' dir='ltr'>requies</span> <span class='ocrx_word' id='word_1_722' title='bbox 1988 1735 2038 1788; x_wconf 82' lang='lat' dir='ltr'>ba·</span> 
     </span>
     <span class='ocr_line' id='line_1_96' title="bbox 1246 1803 2036 1928; baseline 0.001 -72"><span class='ocrx_word' id='word_1_723' title='bbox 1246 1803 1415 1928; x_wconf 76' lang='lat' dir='ltr'>qrtizatorum,</span> <span class='ocrx_word' id='word_1_724' title='bbox 1433 1805 1458 1858; x_wconf 93' lang='lat' dir='ltr'>in</span> <span class='ocrx_word' id='word_1_725' title='bbox 1474 1804 1594 1876; x_wconf 79' lang='lat' dir='ltr'>gehenna</span> <span class='ocrx_word' id='word_1_726' title='bbox 1608 1819 1686 1873; x_wconf 76' lang='lat' dir='ltr'>prena</span> <span class='ocrx_word' id='word_1_727' title='bbox 1702 1804 1898 1859; x_wconf 88' lang='lat' dir='ltr'>incredulorum</span> <span class='ocrx_word' id='word_1_728' title='bbox 1915 1804 1988 1858; x_wconf 84' lang='lat' dir='ltr'>:rita</span> <span class='ocrx_word' id='word_1_729' title='bbox 2004 1804 2036 1857; x_wconf 89' lang='lat' dir='ltr'>ad</span> 
     </span>
     <span class='ocr_line' id='line_1_97' title="bbox 1257 1874 2036 1943; baseline 0 -17"><span class='ocrx_word' id='word_1_730' title='bbox 1257 1874 1363 1927; x_wconf 77' lang='lat' dir='ltr'>atinam</span> <span class='ocrx_word' id='word_1_731' title='bbox 1374 1874 1475 1943; x_wconf 80' lang='lat' dir='ltr'>glorie,</span> <span class='ocrx_word' id='word_1_732' title='bbox 1485 1874 1596 1929; x_wconf 92' lang='lat' dir='ltr'>morsad</span> <span class='ocrx_word' id='word_1_733' title='bbox 1610 1878 1700 1929; x_wconf 89' lang='lat' dir='ltr'>lictum</span> <span class='ocrx_word' id='word_1_734' title='bbox 1712 1883 1738 1929; x_wconf 90' lang='lat' dir='ltr'>ct</span> <span class='ocrx_word' id='word_1_735' title='bbox 1748 1874 1889 1930; x_wconf 91' lang='lat' dir='ltr'>stridorem</span> <span class='ocrx_word' id='word_1_736' title='bbox 1900 1874 2019 1929; x_wconf 90' lang='lat' dir='ltr'>dentium</span> <span class='ocrx_word' id='word_1_737' title='bbox 2030 1892 2036 1926; x_wconf 90' lang='lat'>:</span> 
     </span>
     <span class='ocr_line' id='line_1_98' title="bbox 1244 1942 2037 2014; baseline 0.003 -18"><span class='ocrx_word' id='word_1_738' title='bbox 1244 1942 1309 2012; x_wconf 88' lang='lat' dir='ltr'>justi</span> <span class='ocrx_word' id='word_1_739' title='bbox 1332 1945 1358 1997; x_wconf 96' lang='lat' dir='ltr'>in</span> <span class='ocrx_word' id='word_1_740' title='bbox 1380 1959 1463 2014; x_wconf 89' lang='lat' dir='ltr'>regno</span> <span class='ocrx_word' id='word_1_741' title='bbox 1484 1945 1571 1998; x_wconf 81' lang='lat' dir='ltr'>Putris</span> <span class='ocrx_word' id='word_1_742' title='bbox 1594 1960 1654 1999; x_wconf 93' lang='lat' dir='ltr'>cum</span> <span class='ocrx_word' id='word_1_743' title='bbox 1678 1943 1795 2010; x_wconf 83' lang='lat' dir='ltr'>Christo,</span> <span class='ocrx_word' id='word_1_744' title='bbox 1815 1945 1896 2014; x_wconf 91' lang='lat' dir='ltr'>iniqui</span> <span class='ocrx_word' id='word_1_745' title='bbox 1924 1946 1949 1998; x_wconf 92' lang='lat' dir='ltr'>iu</span> <span class='ocrx_word' id='word_1_746' title='bbox 1976 1944 2037 2013; x_wconf 88' lang='lat' dir='ltr'>igue</span> 
     </span>
     <span class='ocr_line' id='line_1_99' title="bbox 1247 2014 2036 2084; baseline 0 -17"><span class='ocrx_word' id='word_1_747' title='bbox 1247 2024 1347 2068; x_wconf 78' lang='lat' dir='ltr'>uterne</span> <span class='ocrx_word' id='word_1_748' title='bbox 1359 2023 1449 2082; x_wconf 89' lang='lat' dir='ltr'>parato</span> <span class='ocrx_word' id='word_1_749' title='bbox 1459 2015 1565 2069; x_wconf 91' lang='lat' dir='ltr'>diaholo</span> <span class='ocrx_word' id='word_1_750' title='bbox 1578 2015 1715 2084; x_wconf 91' lang='lat' dir='ltr'>ctangciis</span> <span class='ocrx_word' id='word_1_751' title='bbox 1724 2014 1791 2082; x_wconf 81' lang='lat' dir='ltr'>ejus.</span> <span class='ocrx_word' id='word_1_752' title='bbox 1803 2014 1854 2069; x_wconf 85' lang='lat' dir='ltr'>Sed</span> <span class='ocrx_word' id='word_1_753' title='bbox 1866 2014 2036 2077; x_wconf 75' lang='lat' dir='ltr'>hecthecas,</span> 
     </span>
     <span class='ocr_line' id='line_1_100' title="bbox 1247 2084 2037 2147; baseline -0.003 -9"><span class='ocrx_word' id='word_1_754' title='bbox 1247 2098 1301 2138; x_wconf 91' lang='lat' dir='ltr'>non</span> <span class='ocrx_word' id='word_1_755' title='bbox 1316 2084 1459 2139; x_wconf 74' lang='lat' dir='ltr'>divisiones</span> <span class='ocrx_word' id='word_1_756' title='bbox 1473 2085 1592 2140; x_wconf 90' lang='lat' dir='ltr'>locorum</span> <span class='ocrx_word' id='word_1_757' title='bbox 1609 2089 1750 2138; x_wconf 89' lang='lat' dir='ltr'>multorum</span> <span class='ocrx_word' id='word_1_758' title='bbox 1764 2084 1842 2147; x_wconf 88' lang='lat' dir='ltr'>dedi,</span> <span class='ocrx_word' id='word_1_759' title='bbox 1857 2085 1909 2140; x_wconf 91' lang='lat' dir='ltr'>nisi</span> <span class='ocrx_word' id='word_1_760' title='bbox 1924 2085 2037 2139; x_wconf 90' lang='lat' dir='ltr'>duorum</span> 
     </span>
     <span class='ocr_line' id='line_1_101' title="bbox 1248 2154 2039 2225; baseline 0 -18"><span class='ocrx_word' id='word_1_761' title='bbox 1248 2164 1368 2218; x_wconf 86' lang='lat' dir='ltr'>tuntnm;</span> <span class='ocrx_word' id='word_1_762' title='bbox 1383 2154 1507 2224; x_wconf 77' lang='lat' dir='ltr'>quioniam</span> <span class='ocrx_word' id='word_1_763' title='bbox 1523 2156 1555 2209; x_wconf 84' lang='lat' dir='ltr'>ad</span> <span class='ocrx_word' id='word_1_764' title='bbox 1569 2155 1631 2217; x_wconf 87' lang='lat' dir='ltr'>drro,</span> <span class='ocrx_word' id='word_1_765' title='bbox 1646 2171 1756 2225; x_wconf 88' lang='lat' dir='ltr'>regnum</span> <span class='ocrx_word' id='word_1_766' title='bbox 1770 2155 2039 2225; x_wconf 89' lang='lat' dir='ltr'>rideiicetetgehen·</span> 
     </span>
     <span class='ocr_line' id='line_1_102' title="bbox 1248 2224 2037 2294; baseline -0.001 -17"><span class='ocrx_word' id='word_1_767' title='bbox 1248 2239 1319 2287; x_wconf 85' lang='lat' dir='ltr'>nant,</span> <span class='ocrx_word' id='word_1_768' title='bbox 1335 2224 1392 2279; x_wconf 79' lang='lat' dir='ltr'>haec</span> <span class='ocrx_word' id='word_1_769' title='bbox 1406 2225 1494 2279; x_wconf 82' lang='lat' dir='ltr'>omniu</span> <span class='ocrx_word' id='word_1_770' title='bbox 1508 2226 1678 2289; x_wconf 79' lang='lat' dir='ltr'>referuntur,</span> <span class='ocrx_word' id='word_1_771' title='bbox 1694 2226 1795 2280; x_wconf 75' lang='lat' dir='ltr'>etiamsi</span> <span class='ocrx_word' id='word_1_772' title='bbox 1818 2227 1891 2294; x_wconf 89' lang='lat' dir='ltr'>pinra</span> <span class='ocrx_word' id='word_1_773' title='bbox 1905 2225 2037 2279; x_wconf 88' lang='lat' dir='ltr'>dieantur.</span> 
     </span>
     <span class='ocr_line' id='line_1_103' title="bbox 1250 2293 2038 2363; baseline -0.004 -15"><span class='ocrx_word' id='word_1_774' title='bbox 1250 2293 1362 2348; x_wconf 84' lang='lat' dir='ltr'>Dextera</span> <span class='ocrx_word' id='word_1_775' title='bbox 1377 2296 1447 2349; x_wconf 88' lang='lat' dir='ltr'>enim</span> <span class='ocrx_word' id='word_1_776' title='bbox 1469 2295 1540 2358; x_wconf 88' lang='lat' dir='ltr'>rita,</span> <span class='ocrx_word' id='word_1_777' title='bbox 1555 2295 1636 2363; x_wconf 81' lang='lat' dir='ltr'>justi,</span> <span class='ocrx_word' id='word_1_778' title='bbox 1650 2296 1692 2349; x_wconf 85' lang='lat' dir='ltr'>rel</span> <span class='ocrx_word' id='word_1_779' title='bbox 1708 2297 1746 2358; x_wconf 94' lang='lat' dir='ltr'>si,</span> <span class='ocrx_word' id='word_1_780' title='bbox 1761 2305 1789 2347; x_wconf 94' lang='grc' dir='ltr'>ιιι</span> <span class='ocrx_word' id='word_1_781' title='bbox 1801 2295 1874 2361; x_wconf 86' lang='lat' dir='ltr'>dixi,</span> <span class='ocrx_word' id='word_1_782' title='bbox 1890 2295 2038 2354; x_wconf 85' lang='lat' dir='ltr'>adrlnurus,</span> 
     </span>
     <span class='ocr_line' id='line_1_104' title="bbox 1247 2363 2039 2433; baseline 0 -18"><span class='ocrx_word' id='word_1_783' title='bbox 1247 2363 1359 2431; x_wconf 82' lang='lat' dir='ltr'>justitia,</span> <span class='ocrx_word' id='word_1_784' title='bbox 1375 2365 1511 2425; x_wconf 84' lang='lat' dir='ltr'>sanctitas,</span> <span class='ocrx_word' id='word_1_785' title='bbox 1524 2364 1669 2428; x_wconf 79' lang='lat' dir='ltr'>beatitudo,</span> <span class='ocrx_word' id='word_1_786' title='bbox 1683 2374 1710 2419; x_wconf 89' lang='lat' dir='ltr'>et</span> <span class='ocrx_word' id='word_1_787' title='bbox 1723 2373 1818 2418; x_wconf 74' lang='lat' dir='ltr'>caetera</span> <span class='ocrx_word' id='word_1_788' title='bbox 1835 2364 1901 2417; x_wconf 86' lang='lat' dir='ltr'>bona</span> <span class='ocrx_word' id='word_1_789' title='bbox 1917 2364 1949 2417; x_wconf 91' lang='lat' dir='ltr'>ad</span> <span class='ocrx_word' id='word_1_790' title='bbox 1964 2365 2039 2433; x_wconf 91' lang='lat' dir='ltr'>regni</span> 
     </span>
     <span class='ocr_line' id='line_1_105' title="bbox 1248 2432 2038 2503; baseline 0.001 -18"><span class='ocrx_word' id='word_1_791' title='bbox 1248 2432 1377 2489; x_wconf 84' lang='lat' dir='ltr'>eoelmum</span> <span class='ocrx_word' id='word_1_792' title='bbox 1392 2434 1509 2503; x_wconf 90' lang='lat' dir='ltr'>requiem</span> <span class='ocrx_word' id='word_1_793' title='bbox 1527 2433 1698 2488; x_wconf 82' lang='lat' dir='ltr'>reseruntur:</span> <span class='ocrx_word' id='word_1_794' title='bbox 1714 2434 1820 2487; x_wconf 89' lang='lat' dir='ltr'>sinistra</span> <span class='ocrx_word' id='word_1_795' title='bbox 1835 2449 1909 2493; x_wconf 85' lang='lat' dir='ltr'>uera,</span> <span class='ocrx_word' id='word_1_796' title='bbox 1930 2433 1956 2486; x_wconf 91' lang='lat' dir='ltr'>id</span> <span class='ocrx_word' id='word_1_797' title='bbox 1976 2442 2038 2496; x_wconf 90' lang='lat' dir='ltr'>est,</span> 
     </span>
     <span class='ocr_line' id='line_1_106' title="bbox 1249 2502 2040 2573; baseline 0.001 -17"><span class='ocrx_word' id='word_1_798' title='bbox 1249 2503 1267 2556; x_wconf 91' lang='lat' dir='ltr'>ii</span> <span class='ocrx_word' id='word_1_799' title='bbox 1282 2503 1326 2570; x_wconf 92' lang='lat' dir='ltr'>qui</span> <span class='ocrx_word' id='word_1_800' title='bbox 1342 2505 1455 2557; x_wconf 88' lang='lat' dir='ltr'>sinistrae</span> <span class='ocrx_word' id='word_1_801' title='bbox 1469 2503 1610 2569; x_wconf 78' lang='lat' dir='ltr'>asturum,</span> <span class='ocrx_word' id='word_1_802' title='bbox 1625 2504 1724 2573; x_wconf 91' lang='lat' dir='ltr'>iniqui,</span> <span class='ocrx_word' id='word_1_803' title='bbox 1741 2519 1823 2567; x_wconf 88' lang='lat' dir='ltr'>ruors,</span> <span class='ocrx_word' id='word_1_804' title='bbox 1839 2502 1976 2570; x_wconf 84' lang='lat' dir='ltr'>injustitia,</span> <span class='ocrx_word' id='word_1_805' title='bbox 1990 2502 2040 2557; x_wconf 92' lang='lat' dir='ltr'>do·</span> 
     </span>
     <span class='ocr_line' id='line_1_107' title="bbox 1250 2572 2040 2644; baseline -0.003 -17"><span class='ocrx_word' id='word_1_806' title='bbox 1250 2574 1350 2637; x_wconf 85' lang='lat' dir='ltr'>insitas,</span> <span class='ocrx_word' id='word_1_807' title='bbox 1368 2573 1499 2642; x_wconf 90' lang='lat' dir='ltr'>impietas,</span> <span class='ocrx_word' id='word_1_808' title='bbox 1523 2582 1550 2627; x_wconf 91' lang='lat' dir='ltr'>ct</span> <span class='ocrx_word' id='word_1_809' title='bbox 1573 2575 1734 2644; x_wconf 89' lang='lat' dir='ltr'>qnantaiihct</span> <span class='ocrx_word' id='word_1_810' title='bbox 1760 2573 1829 2627; x_wconf 90' lang='lat' dir='ltr'>maia</span> <span class='ocrx_word' id='word_1_811' title='bbox 1852 2572 1885 2627; x_wconf 88' lang='lat' dir='ltr'>ad</span> <span class='ocrx_word' id='word_1_812' title='bbox 1911 2572 2040 2643; x_wconf 83' lang='lat' dir='ltr'>gehenna</span> 
     </span>
     <span class='ocr_line' id='line_1_108' title="bbox 1250 2643 2039 2714; baseline -0.004 -17"><span class='ocrx_word' id='word_1_813' title='bbox 1250 2651 1391 2706; x_wconf 86' lang='lat' dir='ltr'>tormenta,</span> <span class='ocrx_word' id='word_1_814' title='bbox 1408 2643 1450 2697; x_wconf 93' lang='lat' dir='ltr'>ubi</span> <span class='ocrx_word' id='word_1_815' title='bbox 1466 2658 1537 2697; x_wconf 88' lang='lat' dir='ltr'>nrnrs</span> <span class='ocrx_word' id='word_1_816' title='bbox 1549 2659 1608 2714; x_wconf 70' lang='lat' dir='ltr'>quse</span> <span class='ocrx_word' id='word_1_817' title='bbox 1620 2644 1735 2698; x_wconf 88' lang='lat' dir='ltr'>secrnrda</span> <span class='ocrx_word' id='word_1_818' title='bbox 1749 2643 1845 2697; x_wconf 88' lang='lat' dir='ltr'>dicitnr</span> <span class='ocrx_word' id='word_1_819' title='bbox 1860 2658 1913 2697; x_wconf 92' lang='lat' dir='ltr'>non</span> <span class='ocrx_word' id='word_1_820' title='bbox 1929 2643 2039 2705; x_wconf 86' lang='lat' dir='ltr'>lrnitira,</span> 
     </span>
     <span class='ocr_line' id='line_1_109' title="bbox 1249 2712 2040 2783; baseline -0.004 -15"><span class='ocrx_word' id='word_1_821' title='bbox 1249 2712 1297 2768; x_wconf 89' lang='lat' dir='ltr'>seti</span> <span class='ocrx_word' id='word_1_822' title='bbox 1312 2716 1437 2767; x_wconf 86' lang='lat' dir='ltr'>cruciatu</span> <span class='ocrx_word' id='word_1_823' title='bbox 1449 2713 1578 2767; x_wconf 86' lang='lat' dir='ltr'>durabilis</span> <span class='ocrx_word' id='word_1_824' title='bbox 1594 2715 1655 2768; x_wconf 90' lang='lat' dir='ltr'>erit.</span> <span class='ocrx_word' id='word_1_825' title='bbox 1676 2714 1725 2781; x_wconf 85' lang='lat' dir='ltr'>Qui</span> <span class='ocrx_word' id='word_1_826' title='bbox 1744 2714 1891 2783; x_wconf 74' lang='lat' dir='ltr'>baptisatus</span> <span class='ocrx_word' id='word_1_827' title='bbox 1905 2728 1968 2783; x_wconf 89' lang='lat' dir='ltr'>crgo</span> <span class='ocrx_word' id='word_1_828' title='bbox 1988 2727 2040 2766; x_wconf 93' lang='lat' dir='ltr'>nou</span> 
     </span>
     <span class='ocr_line' id='line_1_110' title="bbox 1250 2784 2041 2852; baseline -0.003 -13"><span class='ocrx_word' id='word_1_829' title='bbox 1250 2792 1302 2849; x_wconf 88' lang='lat' dir='ltr'>cst,</span> <span class='ocrx_word' id='word_1_830' title='bbox 1318 2785 1344 2837; x_wconf 90' lang='lat' dir='ltr'>in</span> <span class='ocrx_word' id='word_1_831' title='bbox 1358 2784 1390 2838; x_wconf 91' lang='lat' dir='ltr'>iis</span> <span class='ocrx_word' id='word_1_832' title='bbox 1401 2798 1460 2852; x_wconf 68' lang='lat' dir='ltr'>quse</span> <span class='ocrx_word' id='word_1_833' title='bbox 1473 2792 1534 2836; x_wconf 84' lang='lat' dir='ltr'>surn</span> <span class='ocrx_word' id='word_1_834' title='bbox 1550 2785 1622 2850; x_wconf 78' lang='lat' dir='ltr'>regeri</span> <span class='ocrx_word' id='word_1_835' title='bbox 1637 2786 1776 2847; x_wconf 83' lang='lat' dir='ltr'>emiorum,</span> <span class='ocrx_word' id='word_1_836' title='bbox 1792 2798 1846 2837; x_wconf 93' lang='lat' dir='ltr'>uon</span> <span class='ocrx_word' id='word_1_837' title='bbox 1862 2790 1950 2852; x_wconf 89' lang='lat' dir='ltr'>potest</span> <span class='ocrx_word' id='word_1_838' title='bbox 1961 2797 2041 2851; x_wconf 87' lang='lat' dir='ltr'>repc-</span> 
     </span>
     <span class='ocr_line' id='line_1_111' title="bbox 1251 2851 2040 2921; baseline 0.001 -15"><span class='ocrx_word' id='word_1_839' title='bbox 1251 2853 1297 2907; x_wconf 90' lang='lat' dir='ltr'>riri</span> <span class='ocrx_word' id='word_1_840' title='bbox 1314 2871 1321 2908; x_wconf 91' lang='lat'>:</span> <span class='ocrx_word' id='word_1_841' title='bbox 1336 2855 1396 2908; x_wconf 91' lang='lat' dir='ltr'>etsi</span> <span class='ocrx_word' id='word_1_842' title='bbox 1411 2868 1463 2907; x_wconf 94' lang='lat' dir='ltr'>non</span> <span class='ocrx_word' id='word_1_843' title='bbox 1477 2853 1528 2919; x_wconf 90' lang='lat' dir='ltr'>ibi,</span> <span class='ocrx_word' id='word_1_844' title='bbox 1545 2855 1605 2921; x_wconf 90' lang='lat' dir='ltr'>quia</span> <span class='ocrx_word' id='word_1_845' title='bbox 1622 2869 1685 2908; x_wconf 86' lang='lat' dir='ltr'>rere</span> <span class='ocrx_word' id='word_1_846' title='bbox 1699 2868 1751 2907; x_wconf 92' lang='lat' dir='ltr'>non</span> <span class='ocrx_word' id='word_1_847' title='bbox 1765 2853 1811 2916; x_wconf 91' lang='lat' dir='ltr'>ibi,</span> <span class='ocrx_word' id='word_1_848' title='bbox 1826 2864 1947 2921; x_wconf 85' lang='lat' dir='ltr'>putasne,</span> <span class='ocrx_word' id='word_1_849' title='bbox 1964 2851 2040 2908; x_wconf 82' lang='lat' dir='ltr'>Pela-</span> 
     </span>
     <span class='ocr_line' id='line_1_112' title="bbox 1251 2922 1844 2994; baseline -0.002 -19"><span class='ocrx_word' id='word_1_850' title='bbox 1251 2925 1337 2994; x_wconf 89' lang='lat' dir='ltr'>giane.</span> <span class='ocrx_word' id='word_1_851' title='bbox 1352 2923 1405 2988; x_wconf 88' lang='lat' dir='ltr'>jam</span> <span class='ocrx_word' id='word_1_852' title='bbox 1420 2924 1504 2977; x_wconf 90' lang='lat' dir='ltr'>sentis</span> <span class='ocrx_word' id='word_1_853' title='bbox 1518 2925 1581 2978; x_wconf 84' lang='lat' dir='ltr'>nbi?</span> <span class='ocrx_word' id='word_1_854' title='bbox 1593 2933 1637 2977; x_wconf 88' lang='lat' dir='ltr'>ant</span> <span class='ocrx_word' id='word_1_855' title='bbox 1649 2932 1721 2977; x_wconf 91' lang='lat' dir='ltr'>certe</span> <span class='ocrx_word' id='word_1_856' title='bbox 1733 2923 1776 2977; x_wconf 88' lang='lat' dir='ltr'>dic</span> <span class='ocrx_word' id='word_1_857' title='bbox 1791 2922 1844 2977; x_wconf 92' lang='lat' dir='ltr'>ubi.</span> 
     </span>
    </p>

    <p class='ocr_par' dir='ltr' id='par_1_10' title="bbox 1251 2992 2107 5999">
     <span class='ocr_line' id='line_1_113' title="bbox 1286 2992 2040 3062; baseline -0.003 -16"><span class='ocrx_word' id='word_1_858' title='bbox 1286 2992 1400 3049; x_wconf 75' lang='lat' dir='ltr'>catur</span> <span class='ocrx_word' id='word_1_859' title='bbox 1422 2993 1466 3047; x_wconf 72' lang='grc' dir='ltr'>11.Ι</span> <span class='ocrx_word' id='word_1_860' title='bbox 1483 3023 1519 3032; x_wconf 90' lang='grc'>-</span> <span class='ocrx_word' id='word_1_861' title='bbox 1540 2995 1583 3048; x_wconf 90' lang='lat' dir='ltr'>il.</span> <span class='ocrx_word' id='word_1_862' title='bbox 1603 2993 1742 3062; x_wconf 77' lang='lat' dir='ltr'>Responde</span> <span class='ocrx_word' id='word_1_863' title='bbox 1767 3007 1843 3048; x_wconf 85' lang='lat' dir='ltr'>more</span> <span class='ocrx_word' id='word_1_864' title='bbox 1867 2992 1914 3046; x_wconf 91' lang='lat' dir='ltr'>illu</span> <span class='ocrx_word' id='word_1_865' title='bbox 1940 2993 2040 3047; x_wconf 89' lang='lat' dir='ltr'>solito:</span> 
     </span>
     <span class='ocr_line' id='line_1_114' title="bbox 1254 3060 2042 3132; baseline 0.003 -18"><span class='ocrx_word' id='word_1_866' title='bbox 1254 3060 1376 3117; x_wconf 80' lang='lat' dir='ltr'>Dratinus</span> <span class='ocrx_word' id='word_1_867' title='bbox 1394 3063 1498 3132; x_wconf 88' lang='lat' dir='ltr'>inquit,</span> <span class='ocrx_word' id='word_1_868' title='bbox 1527 3082 1536 3116; x_wconf 87' lang='lat' dir='ltr'>r</span> <span class='ocrx_word' id='word_1_869' title='bbox 1562 3063 1595 3117; x_wconf 92' lang='lat' dir='ltr'>in</span> <span class='ocrx_word' id='word_1_870' title='bbox 1616 3063 1690 3117; x_wconf 87' lang='lat' dir='ltr'>dorrro</span> <span class='ocrx_word' id='word_1_871' title='bbox 1717 3062 1804 3117; x_wconf 79' lang='lat' dir='ltr'>Putris</span> <span class='ocrx_word' id='word_1_872' title='bbox 1826 3064 1874 3116; x_wconf 88' lang='lat' dir='ltr'>mei</span> <span class='ocrx_word' id='word_1_873' title='bbox 1900 3064 2042 3116; x_wconf 80' lang='lat' dir='ltr'>ururrsiones</span> 
     </span>
     <span class='ocr_line' id='line_1_115' title="bbox 1252 3132 2043 3204; baseline 0 -18"><span class='ocrx_word' id='word_1_874' title='bbox 1252 3133 1338 3189; x_wconf 78' lang='lat' dir='ltr'>nrultoe</span> <span class='ocrx_word' id='word_1_875' title='bbox 1351 3144 1408 3186; x_wconf 88' lang='lat' dir='ltr'>sunt</span> <span class='ocrx_word' id='word_1_876' title='bbox 1422 3152 1432 3185; x_wconf 92' lang='grc' dir='ltr'>ι</span> <span class='ocrx_word' id='word_1_877' title='bbox 1449 3132 1536 3202; x_wconf 77' lang='lat' dir='ltr'>(doctr.</span> <span class='ocrx_word' id='word_1_878' title='bbox 1550 3149 1607 3197; x_wconf 76' lang='grc' dir='ltr'><strong>ιιι,</strong></span> <span class='ocrx_word' id='word_1_879' title='bbox 1618 3133 1658 3204; x_wconf 73' lang='lat'>2).</span> <span class='ocrx_word' id='word_1_880' title='bbox 1676 3132 1710 3187; x_wconf 88' lang='lat' dir='ltr'>in</span> <span class='ocrx_word' id='word_1_881' title='bbox 1730 3135 1769 3188; x_wconf 90' lang='lat' dir='ltr'>his</span> <span class='ocrx_word' id='word_1_882' title='bbox 1790 3132 1970 3196; x_wconf 83' lang='lat' dir='ltr'>mansionibus,</span> <span class='ocrx_word' id='word_1_883' title='bbox 1983 3149 2043 3186; x_wconf 85' lang='lat' dir='ltr'>sues</span> 
     </span>
     <span class='ocr_line' id='line_1_116' title="bbox 1252 3201 2043 3275; baseline 0 -19"><span class='ocrx_word' id='word_1_884' title='bbox 1252 3201 1343 3258; x_wconf 82' lang='lat' dir='ltr'>babmt</span> <span class='ocrx_word' id='word_1_885' title='bbox 1358 3204 1415 3256; x_wconf 82' lang='lat' dir='ltr'>rittu</span> <span class='ocrx_word' id='word_1_886' title='bbox 1433 3214 1455 3257; x_wconf 91' lang='lat' dir='ltr'>et</span> <span class='ocrx_word' id='word_1_887' title='bbox 1472 3205 1598 3275; x_wconf 72' lang='lat' dir='ltr'>refrigerii</span> <span class='ocrx_word' id='word_1_888' title='bbox 1612 3220 1661 3256; x_wconf 85' lang='lat' dir='ltr'>tren</span> <span class='ocrx_word' id='word_1_889' title='bbox 1677 3204 1795 3274; x_wconf 78' lang='lat' dir='ltr'>baptizoti</span> <span class='ocrx_word' id='word_1_890' title='bbox 1815 3202 1912 3274; x_wconf 86' lang='lat' dir='ltr'>perruii</span> <span class='ocrx_word' id='word_1_891' title='bbox 1932 3203 2043 3257; x_wconf 81' lang='lat' dir='ltr'>arausio-</span> 
     </span>
     <span class='ocr_line' id='line_1_117' title="bbox 1252 3273 2042 3342; baseline -0.001 -15"><span class='ocrx_word' id='word_1_892' title='bbox 1252 3289 1305 3328; x_wconf 86' lang='lat' dir='ltr'>tres.</span> <span class='ocrx_word' id='word_1_893' title='bbox 1322 3273 1430 3328; x_wconf 88' lang='lat' dir='ltr'>lliccine</span> <span class='ocrx_word' id='word_1_894' title='bbox 1447 3284 1497 3336; x_wconf 88' lang='lat' dir='ltr'>cst,</span> <span class='ocrx_word' id='word_1_895' title='bbox 1513 3284 1607 3341; x_wconf 91' lang='lat' dir='ltr'>putas,</span> <span class='ocrx_word' id='word_1_896' title='bbox 1628 3275 1672 3329; x_wconf 87' lang='lat' dir='ltr'>iile</span> <span class='ocrx_word' id='word_1_897' title='bbox 1686 3274 1779 3328; x_wconf 89' lang='lat' dir='ltr'>tertius</span> <span class='ocrx_word' id='word_1_898' title='bbox 1790 3274 1883 3335; x_wconf 89' lang='lat' dir='ltr'>locus,</span> <span class='ocrx_word' id='word_1_899' title='bbox 1899 3289 1977 3342; x_wconf 93' lang='lat' dir='ltr'>quem</span> <span class='ocrx_word' id='word_1_900' title='bbox 1991 3273 2042 3326; x_wconf 92' lang='lat' dir='ltr'>iin-</span> 
     </span>
     <span class='ocr_line' id='line_1_118' title="bbox 1251 3343 2043 3413; baseline -0.005 -14"><span class='ocrx_word' id='word_1_901' title='bbox 1251 3344 1367 3413; x_wconf 81' lang='lat' dir='ltr'>gendum</span> <span class='ocrx_word' id='word_1_902' title='bbox 1382 3352 1444 3398; x_wconf 91' lang='lat' dir='ltr'>ante</span> <span class='ocrx_word' id='word_1_903' title='bbox 1458 3344 1593 3413; x_wconf 90' lang='lat' dir='ltr'>paululum</span> <span class='ocrx_word' id='word_1_904' title='bbox 1612 3359 1644 3396; x_wconf 82' lang='lat' dir='ltr'>es</span> <span class='ocrx_word' id='word_1_905' title='bbox 1659 3343 1764 3397; x_wconf 86' lang='lat' dir='ltr'>cilicina</span> <span class='ocrx_word' id='word_1_906' title='bbox 1786 3343 1917 3413; x_wconf 87' lang='lat' dir='ltr'>dogmatis</span> <span class='ocrx_word' id='word_1_907' title='bbox 1934 3345 1971 3398; x_wconf 92' lang='lat' dir='ltr'>tni</span> <span class='ocrx_word' id='word_1_908' title='bbox 1994 3357 2043 3411; x_wconf 93' lang='lat' dir='ltr'>po-</span> 
     </span>
     <span class='ocr_line' id='line_1_119' title="bbox 1253 3412 2107 3482; baseline 0 -16"><span class='ocrx_word' id='word_1_909' title='bbox 1253 3414 1410 3481; x_wconf 81' lang='lat' dir='ltr'>posceram?</span> <span class='ocrx_word' id='word_1_910' title='bbox 1423 3414 1558 3467; x_wconf 81' lang='lat' dir='ltr'>Percutiat</span> <span class='ocrx_word' id='word_1_911' title='bbox 1575 3412 1624 3466; x_wconf 90' lang='lat' dir='ltr'>hoc</span> <span class='ocrx_word' id='word_1_912' title='bbox 1637 3428 1703 3481; x_wconf 92' lang='lat' dir='ltr'>upus</span> <span class='ocrx_word' id='word_1_913' title='bbox 1715 3413 1787 3482; x_wconf 79' lang='lat' dir='ltr'>virga</span> <span class='ocrx_word' id='word_1_914' title='bbox 1803 3427 1849 3465; x_wconf 88' lang='lat' dir='ltr'>sua</span> <span class='ocrx_word' id='word_1_915' title='bbox 1864 3412 1948 3466; x_wconf 89' lang='lat' dir='ltr'>ierrea</span> <span class='ocrx_word' id='word_1_916' title='bbox 1964 3412 2042 3467; x_wconf 84' lang='lat' dir='ltr'>Chri·</span> <span class='ocrx_word' id='word_1_917' title='bbox 2098 3446 2107 3459; x_wconf 39' lang='grc' dir='ltr'><strong>ι</strong></span> 
     </span>
     <span class='ocr_line' id='line_1_120' title="bbox 1253 3483 2041 3552; baseline 0 -17"><span class='ocrx_word' id='word_1_918' title='bbox 1253 3492 1322 3548; x_wconf 89' lang='lat' dir='ltr'>stus,</span> <span class='ocrx_word' id='word_1_919' title='bbox 1337 3498 1388 3552; x_wconf 90' lang='lat' dir='ltr'>qnu</span> <span class='ocrx_word' id='word_1_920' title='bbox 1402 3492 1495 3552; x_wconf 89' lang='lat' dir='ltr'>gentes</span> <span class='ocrx_word' id='word_1_921' title='bbox 1508 3483 1689 3536; x_wconf 80' lang='lat' dir='ltr'>hereditatem</span> <span class='ocrx_word' id='word_1_922' title='bbox 1712 3497 1786 3536; x_wconf 85' lang='lat' dir='ltr'>suam</span> <span class='ocrx_word' id='word_1_923' title='bbox 1802 3490 1829 3536; x_wconf 88' lang='lat' dir='ltr'>et</span> <span class='ocrx_word' id='word_1_924' title='bbox 1861 3483 2041 3536; x_wconf 84' lang='lat' dir='ltr'>assessionem</span> 
     </span>
     <span class='ocr_line' id='line_1_121' title="bbox 1253 3499 2043 3624; baseline -0.001 -18"><span class='ocrx_word' id='word_1_925' title='bbox 1253 3566 1328 3606; x_wconf 87' lang='lat' dir='ltr'>suam</span> <span class='ocrx_word' id='word_1_926' title='bbox 1344 3554 1472 3607; x_wconf 89' lang='lat' dir='ltr'>terminos</span> <span class='ocrx_word' id='word_1_927' title='bbox 1481 3560 1558 3606; x_wconf 77' lang='lat' dir='ltr'>terre</span> <span class='ocrx_word' id='word_1_928' title='bbox 1572 3552 1636 3621; x_wconf 91' lang='lat' dir='ltr'>regit</span> <span class='ocrx_word' id='word_1_929' title='bbox 1648 3551 1732 3624; x_wconf 86' lang='lat' dir='ltr'>(Psoi.</span> <span class='ocrx_word' id='word_1_930' title='bbox 1745 3551 1829 3617; x_wconf 68' lang='lat' dir='ltr'>rubet</span> <span class='ocrx_word' id='word_1_931' title='bbox 1838 3499 1877 3618; x_wconf 62' lang='lat' dir='ltr'>i),</span> <span class='ocrx_word' id='word_1_932' title='bbox 1888 3567 1938 3622; x_wconf 94' lang='lat' dir='ltr'>qna</span> <span class='ocrx_word' id='word_1_933' title='bbox 1951 3552 2043 3619; x_wconf 88' lang='lat' dir='ltr'>probat</span> 
     </span>
     <span class='ocr_line' id='line_1_122' title="bbox 1253 3621 2044 3690; baseline -0.001 -15"><span class='ocrx_word' id='word_1_934' title='bbox 1253 3636 1316 3677; x_wconf 87' lang='lat' dir='ltr'>rasa</span> <span class='ocrx_word' id='word_1_935' title='bbox 1332 3622 1520 3678; x_wconf 83' lang='lat' dir='ltr'>misericordie</span> <span class='ocrx_word' id='word_1_936' title='bbox 1533 3637 1597 3686; x_wconf 77' lang='lat' dir='ltr'>suu,</span> <span class='ocrx_word' id='word_1_937' title='bbox 1612 3631 1640 3676; x_wconf 92' lang='lat' dir='ltr'>et</span> <span class='ocrx_word' id='word_1_938' title='bbox 1661 3622 1786 3690; x_wconf 87' lang='lat' dir='ltr'>reprobat</span> <span class='ocrx_word' id='word_1_939' title='bbox 1805 3621 1974 3676; x_wconf 69' lang='lat' dir='ltr'>contumelio</span> <span class='ocrx_word' id='word_1_940' title='bbox 1991 3639 1998 3673; x_wconf 72' lang='grc' dir='ltr'><strong>ε</strong></span> <span class='ocrx_word' id='word_1_941' title='bbox 2015 3630 2044 3675; x_wconf 93' lang='lat' dir='ltr'>ut</span> 
     </span>
     <span class='ocr_line' id='line_1_123' title="bbox 1253 3693 2042 3762; baseline -0.003 -17"><span class='ocrx_word' id='word_1_942' title='bbox 1253 3693 1276 3746; x_wconf 89' lang='lat' dir='ltr'>si</span> <span class='ocrx_word' id='word_1_943' title='bbox 1300 3693 1429 3747; x_wconf 87' lang='lat' dir='ltr'>manserit</span> <span class='ocrx_word' id='word_1_944' title='bbox 1453 3693 1653 3762; x_wconf 82' lang='lat' dir='ltr'>inquassrtum,</span> <span class='ocrx_word' id='word_1_945' title='bbox 1675 3694 1810 3759; x_wconf 88' lang='lat' dir='ltr'>permittat</span> <span class='ocrx_word' id='word_1_946' title='bbox 1827 3693 1881 3747; x_wconf 91' lang='lat' dir='ltr'>iliic</span> <span class='ocrx_word' id='word_1_947' title='bbox 1904 3701 2042 3762; x_wconf 86' lang='lat' dir='ltr'>susceptos·</span> 
     </span>
     <span class='ocr_line' id='line_1_124' title="bbox 1253 3761 2044 3832; baseline 0 -17"><span class='ocrx_word' id='word_1_948' title='bbox 1253 3769 1368 3827; x_wconf 80' lang='lat' dir='ltr'>uestros,</span> <span class='ocrx_word' id='word_1_949' title='bbox 1384 3762 1480 3832; x_wconf 82' lang='lat' dir='ltr'>qrdbus</span> <span class='ocrx_word' id='word_1_950' title='bbox 1502 3762 1560 3818; x_wconf 88' lang='lat' dir='ltr'>siue</span> <span class='ocrx_word' id='word_1_951' title='bbox 1579 3762 1625 3817; x_wconf 92' lang='lat' dir='ltr'>iiio</span> <span class='ocrx_word' id='word_1_952' title='bbox 1646 3762 1726 3815; x_wconf 82' lang='lat' dir='ltr'>ritum</span> <span class='ocrx_word' id='word_1_953' title='bbox 1746 3761 1900 3831; x_wconf 84' lang='lat' dir='ltr'>promittitis</span> <span class='ocrx_word' id='word_1_954' title='bbox 1921 3762 2044 3831; x_wconf 83' lang='lat' dir='ltr'>parrulos</span> 
     </span>
     <span class='ocr_line' id='line_1_125' title="bbox 1253 3831 2043 3903; baseline -0.004 -15"><span class='ocrx_word' id='word_1_955' title='bbox 1253 3832 1384 3888; x_wconf 90' lang='lat' dir='ltr'>habitare.</span> <span class='ocrx_word' id='word_1_956' title='bbox 1408 3833 1465 3896; x_wconf 83' lang='lat' dir='ltr'>liic,</span> <span class='ocrx_word' id='word_1_957' title='bbox 1488 3848 1547 3903; x_wconf 88' lang='lat' dir='ltr'>age,</span> <span class='ocrx_word' id='word_1_958' title='bbox 1563 3833 1667 3887; x_wconf 88' lang='lat' dir='ltr'>adesto</span> <span class='ocrx_word' id='word_1_959' title='bbox 1692 3832 1832 3887; x_wconf 83' lang='lat' dir='ltr'>assertioni</span> <span class='ocrx_word' id='word_1_960' title='bbox 1856 3841 1924 3893; x_wconf 78' lang='lat' dir='ltr'>turre,</span> <span class='ocrx_word' id='word_1_961' title='bbox 1950 3831 2043 3886; x_wconf 88' lang='lat' dir='ltr'>relelie</span> 
     </span>
     <span class='ocr_line' id='line_1_126' title="bbox 1254 3902 2043 3984; baseline -0.004 -26"><span class='ocrx_word' id='word_1_962' title='bbox 1254 3918 1350 3958; x_wconf 88' lang='lat' dir='ltr'>meam.</span> <span class='ocrx_word' id='word_1_963' title='bbox 1363 3903 1512 3958; x_wconf 80' lang='lat' dir='ltr'>biansiunes</span> <span class='ocrx_word' id='word_1_964' title='bbox 1523 3905 1586 3956; x_wconf 91' lang='lat' dir='ltr'>istas</span> <span class='ocrx_word' id='word_1_965' title='bbox 1601 3905 1714 3966; x_wconf 85' lang='lat' dir='ltr'>muites,</span> <span class='ocrx_word' id='word_1_966' title='bbox 1729 3902 1834 3973; x_wconf 89' lang='lat' dir='ltr'>quasin</span> <span class='ocrx_word' id='word_1_967' title='bbox 1848 3902 1963 3957; x_wconf 87' lang='lat' dir='ltr'>medium</span> <span class='ocrx_word' id='word_1_968' title='bbox 1981 3917 2043 3984; x_wconf 84' lang='lat' dir='ltr'>pro-</span> 
     </span>
     <span class='ocr_line' id='line_1_127' title="bbox 1255 3972 2044 4042; baseline -0.003 -14"><span class='ocrx_word' id='word_1_969' title='bbox 1255 3974 1336 4028; x_wconf 83' lang='lat' dir='ltr'>tulisti</span> <span class='ocrx_word' id='word_1_970' title='bbox 1350 3973 1384 4029; x_wconf 89' lang='lat' dir='ltr'>de</span> <span class='ocrx_word' id='word_1_971' title='bbox 1395 3975 1526 4028; x_wconf 88' lang='lat' dir='ltr'>thesauris</span> <span class='ocrx_word' id='word_1_972' title='bbox 1535 3972 1749 4042; x_wconf 79' lang='lat' dir='ltr'>Evangeliorum,</span> <span class='ocrx_word' id='word_1_973' title='bbox 1761 3984 1863 4028; x_wconf 90' lang='lat' dir='ltr'>certum</span> <span class='ocrx_word' id='word_1_974' title='bbox 1877 3981 1918 4027; x_wconf 91' lang='lat' dir='ltr'>est</span> <span class='ocrx_word' id='word_1_975' title='bbox 1932 3981 2044 4026; x_wconf 79' lang='lat' dir='ltr'>ventare</span> 
     </span>
     <span class='ocr_line' id='line_1_128' title="bbox 1254 4041 2043 4113; baseline -0.004 -14"><span class='ocrx_word' id='word_1_976' title='bbox 1254 4045 1370 4111; x_wconf 88' lang='lat' dir='ltr'>dicente,</span> <span class='ocrx_word' id='word_1_977' title='bbox 1383 4059 1443 4099; x_wconf 89' lang='lat' dir='ltr'>csse</span> <span class='ocrx_word' id='word_1_978' title='bbox 1457 4043 1526 4113; x_wconf 88' lang='lat' dir='ltr'>apud</span> <span class='ocrx_word' id='word_1_979' title='bbox 1543 4045 1624 4099; x_wconf 86' lang='lat' dir='ltr'>heum</span> <span class='ocrx_word' id='word_1_980' title='bbox 1640 4044 1746 4098; x_wconf 85' lang='lat' dir='ltr'>Patrem</span> <span class='ocrx_word' id='word_1_981' title='bbox 1761 4042 1827 4097; x_wconf 88' lang='lat' dir='ltr'>:seri</span> <span class='ocrx_word' id='word_1_982' title='bbox 1841 4057 1932 4112; x_wconf 77' lang='lat' dir='ltr'>tqnaro</span> <span class='ocrx_word' id='word_1_983' title='bbox 1946 4041 1993 4096; x_wconf 91' lang='lat' dir='ltr'>abs</span> <span class='ocrx_word' id='word_1_984' title='bbox 2007 4051 2043 4103; x_wconf 86' lang='lat' dir='ltr'>te,</span> 
     </span>
     <span class='ocr_line' id='line_1_129' title="bbox 1254 4112 2043 4184; baseline -0.003 -18"><span class='ocrx_word' id='word_1_985' title='bbox 1254 4122 1342 4168; x_wconf 92' lang='lat' dir='ltr'>utrum</span> <span class='ocrx_word' id='word_1_986' title='bbox 1366 4114 1421 4168; x_wconf 91' lang='lat' dir='ltr'>sint</span> <span class='ocrx_word' id='word_1_987' title='bbox 1441 4114 1468 4168; x_wconf 94' lang='lat' dir='ltr'>in</span> <span class='ocrx_word' id='word_1_988' title='bbox 1491 4128 1573 4184; x_wconf 88' lang='lat' dir='ltr'>regno</span> <span class='ocrx_word' id='word_1_989' title='bbox 1587 4113 1729 4174; x_wconf 83' lang='lat' dir='ltr'>coeiorurn,</span> <span class='ocrx_word' id='word_1_990' title='bbox 1744 4128 1777 4167; x_wconf 84' lang='lat' dir='ltr'>sn</span> <span class='ocrx_word' id='word_1_991' title='bbox 1792 4112 1865 4166; x_wconf 90' lang='lat' dir='ltr'>ioris.</span> <span class='ocrx_word' id='word_1_992' title='bbox 1882 4112 1960 4166; x_wconf 85' lang='lat' dir='ltr'>Pater</span> <span class='ocrx_word' id='word_1_993' title='bbox 1972 4112 2043 4165; x_wconf 89' lang='lat' dir='ltr'>eninr</span> 
     </span>
     <span class='ocr_line' id='line_1_130' title="bbox 1254 4181 2045 4252; baseline -0.006 -14"><span class='ocrx_word' id='word_1_994' title='bbox 1254 4183 1324 4238; x_wconf 84' lang='lat' dir='ltr'>bens</span> <span class='ocrx_word' id='word_1_995' title='bbox 1347 4184 1374 4237; x_wconf 90' lang='lat' dir='ltr'>in</span> <span class='ocrx_word' id='word_1_996' title='bbox 1395 4198 1478 4252; x_wconf 90' lang='lat' dir='ltr'>regno</span> <span class='ocrx_word' id='word_1_997' title='bbox 1499 4184 1626 4238; x_wconf 80' lang='lat' dir='ltr'>erulorum</span> <span class='ocrx_word' id='word_1_998' title='bbox 1640 4191 1690 4248; x_wconf 90' lang='lat' dir='ltr'>est,</span> <span class='ocrx_word' id='word_1_999' title='bbox 1711 4191 1737 4236; x_wconf 89' lang='lat' dir='ltr'>et</span> <span class='ocrx_word' id='word_1_1000' title='bbox 1757 4183 1810 4236; x_wconf 89' lang='lat' dir='ltr'>iilic</span> <span class='ocrx_word' id='word_1_1001' title='bbox 1826 4190 1887 4235; x_wconf 90' lang='lat' dir='ltr'>sunt</span> <span class='ocrx_word' id='word_1_1002' title='bbox 1902 4181 2045 4251; x_wconf 75' lang='lat' dir='ltr'>humique</span> 
     </span>
     <span class='ocr_line' id='line_1_131' title="bbox 1255 4252 2045 4322; baseline -0.003 -15"><span class='ocrx_word' id='word_1_1003' title='bbox 1255 4253 1416 4309; x_wconf 88' lang='lat' dir='ltr'>mansiones.</span> <span class='ocrx_word' id='word_1_1004' title='bbox 1431 4255 1458 4309; x_wconf 82' lang='lat' dir='ltr'>Si</span> <span class='ocrx_word' id='word_1_1005' title='bbox 1473 4268 1537 4307; x_wconf 87' lang='lat' dir='ltr'>reru</span> <span class='ocrx_word' id='word_1_1006' title='bbox 1550 4252 1577 4306; x_wconf 95' lang='lat' dir='ltr'>in</span> <span class='ocrx_word' id='word_1_1007' title='bbox 1593 4267 1675 4322; x_wconf 89' lang='lat' dir='ltr'>regno</span> <span class='ocrx_word' id='word_1_1008' title='bbox 1687 4252 1816 4305; x_wconf 87' lang='lat' dir='ltr'>coeiorum</span> <span class='ocrx_word' id='word_1_1009' title='bbox 1830 4267 1884 4305; x_wconf 91' lang='lat' dir='ltr'>nou</span> <span class='ocrx_word' id='word_1_1010' title='bbox 1898 4260 1969 4310; x_wconf 72' lang='lat' dir='ltr'>sunu</span> <span class='ocrx_word' id='word_1_1011' title='bbox 1981 4265 2045 4320; x_wconf 85' lang='lat' dir='ltr'>ergo</span> 
     </span>
     <span class='ocr_line' id='line_1_132' title="bbox 1255 4318 2041 4402; baseline -0.014 -23"><span class='ocrx_word' id='word_1_1012' title='bbox 1255 4323 1334 4379; x_wconf 88' lang='lat' dir='ltr'>Pater</span> <span class='ocrx_word' id='word_1_1013' title='bbox 1343 4324 1447 4378; x_wconf 88' lang='lat' dir='ltr'>alienus</span> <span class='ocrx_word' id='word_1_1014' title='bbox 1459 4332 1501 4378; x_wconf 87' lang='lat' dir='ltr'>est</span> <span class='ocrx_word' id='word_1_1015' title='bbox 1514 4338 1529 4377; x_wconf 85' lang='lat' dir='ltr'>u</span> <span class='ocrx_word' id='word_1_1016' title='bbox 1543 4337 1626 4390; x_wconf 88' lang='lat' dir='ltr'>regno</span> <span class='ocrx_word' id='word_1_1017' title='bbox 1640 4321 1769 4377; x_wconf 84' lang='lat' dir='ltr'>coeiorum</span> <span class='ocrx_word' id='word_1_1018' title='bbox 1786 4339 1793 4375; x_wconf 91' lang='lat'>:</span> <span class='ocrx_word' id='word_1_1019' title='bbox 1808 4321 1880 4402; x_wconf 89' lang='lat' dir='ltr'>quia,</span> <span class='ocrx_word' id='word_1_1020' title='bbox 1903 4331 1932 4372; x_wconf 87' lang='lat' dir='ltr'>nt</span> <span class='ocrx_word' id='word_1_1021' title='bbox 1953 4318 2041 4382; x_wconf 77' lang='lat' dir='ltr'>(lixit,</span> 
     </span>
     <span class='ocr_line' id='line_1_133' title="bbox 1255 4388 2044 4457; baseline -0.005 -10"><span class='ocrx_word' id='word_1_1022' title='bbox 1255 4395 1299 4448; x_wconf 92' lang='lat' dir='ltr'>nbi</span> <span class='ocrx_word' id='word_1_1023' title='bbox 1315 4394 1393 4449; x_wconf 87' lang='lat' dir='ltr'>Pater</span> <span class='ocrx_word' id='word_1_1024' title='bbox 1407 4402 1458 4457; x_wconf 88' lang='lat' dir='ltr'>est,</span> <span class='ocrx_word' id='word_1_1025' title='bbox 1474 4392 1510 4447; x_wconf 94' lang='lat' dir='ltr'>ibi</span> <span class='ocrx_word' id='word_1_1026' title='bbox 1524 4401 1551 4448; x_wconf 87' lang='lat' dir='ltr'>et</span> <span class='ocrx_word' id='word_1_1027' title='bbox 1565 4394 1655 4447; x_wconf 79' lang='lat' dir='ltr'>nnrltm</span> <span class='ocrx_word' id='word_1_1028' title='bbox 1669 4399 1731 4446; x_wconf 85' lang='lat' dir='ltr'>sum</span> <span class='ocrx_word' id='word_1_1029' title='bbox 1743 4404 1905 4445; x_wconf 75' lang='lat' dir='ltr'>mansiones.</span> <span class='ocrx_word' id='word_1_1030' title='bbox 1921 4388 1989 4457; x_wconf 84' lang='lat' dir='ltr'>Quid</span> <span class='ocrx_word' id='word_1_1031' title='bbox 2002 4391 2044 4443; x_wconf 75' lang='lat' dir='ltr'>eli·</span> 
     </span>
     <span class='ocr_line' id='line_1_134' title="bbox 1255 4460 2044 4533; baseline -0.008 -13"><span class='ocrx_word' id='word_1_1032' title='bbox 1255 4466 1305 4532; x_wconf 89' lang='lat' dir='ltr'>cis,</span> <span class='ocrx_word' id='word_1_1033' title='bbox 1321 4464 1463 4520; x_wconf 73' lang='lat' dir='ltr'>heretice?</span> <span class='ocrx_word' id='word_1_1034' title='bbox 1480 4463 1565 4519; x_wconf 89' lang='lat' dir='ltr'>Unum</span> <span class='ocrx_word' id='word_1_1035' title='bbox 1578 4463 1646 4533; x_wconf 88' lang='lat' dir='ltr'>elige</span> <span class='ocrx_word' id='word_1_1036' title='bbox 1665 4477 1681 4517; x_wconf 89' lang='lat' dir='ltr'>e</span> <span class='ocrx_word' id='word_1_1037' title='bbox 1695 4460 1798 4515; x_wconf 69' lang='lat' dir='ltr'>duobus·</span> <span class='ocrx_word' id='word_1_1038' title='bbox 1811 4461 1887 4527; x_wconf 80' lang='lat' dir='ltr'>crrjtrs</span> <span class='ocrx_word' id='word_1_1039' title='bbox 1901 4462 1982 4527; x_wconf 82' lang='lat' dir='ltr'>par-tis</span> <span class='ocrx_word' id='word_1_1040' title='bbox 1995 4460 2044 4514; x_wconf 89' lang='lat' dir='ltr'>de·</span> 
     </span>
     <span class='ocr_line' id='line_1_135' title="bbox 1255 4529 2044 4603; baseline -0.013 -15"><span class='ocrx_word' id='word_1_1041' title='bbox 1255 4535 1345 4592; x_wconf 86' lang='lat' dir='ltr'>lensor</span> <span class='ocrx_word' id='word_1_1042' title='bbox 1359 4535 1475 4589; x_wconf 80' lang='lat' dir='ltr'>existere</span> <span class='ocrx_word' id='word_1_1043' title='bbox 1486 4533 1582 4603; x_wconf 90' lang='lat' dir='ltr'>possis.</span> <span class='ocrx_word' id='word_1_1044' title='bbox 1599 4533 1626 4586; x_wconf 93' lang='lat' dir='ltr'>iu</span> <span class='ocrx_word' id='word_1_1045' title='bbox 1640 4546 1723 4602; x_wconf 91' lang='lat' dir='ltr'>regno</span> <span class='ocrx_word' id='word_1_1046' title='bbox 1736 4540 1777 4585; x_wconf 91' lang='lat' dir='ltr'>est</span> <span class='ocrx_word' id='word_1_1047' title='bbox 1791 4530 1871 4585; x_wconf 89' lang='lat' dir='ltr'>Pater</span> <span class='ocrx_word' id='word_1_1048' title='bbox 1884 4539 1911 4583; x_wconf 92' lang='lat' dir='ltr'>ct</span> <span class='ocrx_word' id='word_1_1049' title='bbox 1926 4529 2044 4582; x_wconf 88' lang='lat' dir='ltr'>nransio-</span> 
     </span>
     <span class='ocr_line' id='line_1_136' title="bbox 1256 4598 2044 4673; baseline -0.01 -13"><span class='ocrx_word' id='word_1_1050' title='bbox 1256 4620 1315 4673; x_wconf 89' lang='lat' dir='ltr'>nes,</span> <span class='ocrx_word' id='word_1_1051' title='bbox 1326 4620 1359 4659; x_wconf 90' lang='lat' dir='ltr'>an</span> <span class='ocrx_word' id='word_1_1052' title='bbox 1368 4605 1463 4660; x_wconf 78' lang='lat' dir='ltr'>extra?</span> <span class='ocrx_word' id='word_1_1053' title='bbox 1475 4605 1502 4659; x_wconf 84' lang='lat' dir='ltr'>Si</span> <span class='ocrx_word' id='word_1_1054' title='bbox 1516 4603 1628 4670; x_wconf 78' lang='lat' dir='ltr'>dixeris,</span> <span class='ocrx_word' id='word_1_1055' title='bbox 1641 4602 1669 4656; x_wconf 95' lang='lat' dir='ltr'>ln</span> <span class='ocrx_word' id='word_1_1056' title='bbox 1682 4616 1780 4672; x_wconf 89' lang='lat' dir='ltr'>regno;</span> <span class='ocrx_word' id='word_1_1057' title='bbox 1796 4599 1930 4670; x_wconf 88' lang='lat' dir='ltr'>perdidisti</span> <span class='ocrx_word' id='word_1_1058' title='bbox 1946 4598 2044 4657; x_wconf 87' lang='lat' dir='ltr'>tocom.</span> 
     </span>
     <span class='ocr_line' id='line_1_137' title="bbox 1255 4668 2044 4746; baseline -0.011 -15"><span class='ocrx_word' id='word_1_1059' title='bbox 1255 4691 1335 4746; x_wconf 91' lang='lat' dir='ltr'>quem</span> <span class='ocrx_word' id='word_1_1060' title='bbox 1359 4676 1440 4729; x_wconf 84' lang='lat' dir='ltr'>muita</span> <span class='ocrx_word' id='word_1_1061' title='bbox 1461 4674 1639 4729; x_wconf 78' lang='lat' dir='ltr'>lubricareras</span> <span class='ocrx_word' id='word_1_1062' title='bbox 1663 4680 1721 4726; x_wconf 90' lang='lat' dir='ltr'>arte</span> <span class='ocrx_word' id='word_1_1063' title='bbox 1744 4669 1873 4739; x_wconf 85' lang='lat' dir='ltr'>paruulis.</span> <span class='ocrx_word' id='word_1_1064' title='bbox 1896 4668 1952 4724; x_wconf 84' lang='lat' dir='ltr'>Non</span> <span class='ocrx_word' id='word_1_1065' title='bbox 1972 4683 2044 4723; x_wconf 91' lang='lat' dir='ltr'>eunu</span> 
     </span>
     <span class='ocr_line' id='line_1_138' title="bbox 1257 4741 2044 4810; baseline -0.011 -10"><span class='ocrx_word' id='word_1_1066' title='bbox 1257 4746 1339 4801; x_wconf 89' lang='lat' dir='ltr'>intrat</span> <span class='ocrx_word' id='word_1_1067' title='bbox 1358 4746 1384 4800; x_wconf 91' lang='lat' dir='ltr'>in</span> <span class='ocrx_word' id='word_1_1068' title='bbox 1408 4746 1559 4800; x_wconf 90' lang='lat' dir='ltr'>mansiones</span> <span class='ocrx_word' id='word_1_1069' title='bbox 1580 4745 1644 4798; x_wconf 89' lang='lat' dir='ltr'>istas</span> <span class='ocrx_word' id='word_1_1070' title='bbox 1657 4757 1710 4796; x_wconf 91' lang='lat' dir='ltr'>non</span> <span class='ocrx_word' id='word_1_1071' title='bbox 1725 4741 1872 4808; x_wconf 87' lang='lat' dir='ltr'>baptizatus</span> <span class='ocrx_word' id='word_1_1072' title='bbox 1894 4741 1978 4810; x_wconf 91' lang='lat' dir='ltr'>:quia</span> <span class='ocrx_word' id='word_1_1073' title='bbox 2000 4742 2044 4808; x_wconf 82' lang='lat' dir='ltr'>qui</span> 
     </span>
     <span class='ocr_line' id='line_1_139' title="bbox 1256 4809 2046 4880; baseline -0.014 -9"><span class='ocrx_word' id='word_1_1074' title='bbox 1256 4816 1332 4880; x_wconf 79' lang='lat' dir='ltr'>dixit,</span> <span class='ocrx_word' id='word_1_1075' title='bbox 1348 4815 1362 4869; x_wconf 90' lang='grc'>1</span> <span class='ocrx_word' id='word_1_1076' title='bbox 1366 4834 1381 4869; x_wconf 91' lang='lat' dir='ltr'>n</span> <span class='ocrx_word' id='word_1_1077' title='bbox 1393 4817 1467 4869; x_wconf 91' lang='lat' dir='ltr'>domo</span> <span class='ocrx_word' id='word_1_1078' title='bbox 1483 4816 1567 4870; x_wconf 83' lang='lat' dir='ltr'>Petris</span> <span class='ocrx_word' id='word_1_1079' title='bbox 1580 4814 1627 4866; x_wconf 88' lang='lat' dir='ltr'>rnci</span> <span class='ocrx_word' id='word_1_1080' title='bbox 1642 4811 1784 4867; x_wconf 77' lang='lat' dir='ltr'>nmrrdones</span> <span class='ocrx_word' id='word_1_1081' title='bbox 1803 4810 1890 4864; x_wconf 78' lang='lat' dir='ltr'>nrultoe</span> <span class='ocrx_word' id='word_1_1082' title='bbox 1900 4817 1958 4863; x_wconf 89' lang='lat' dir='ltr'>srrnt</span> <span class='ocrx_word' id='word_1_1083' title='bbox 1969 4825 1978 4872; x_wconf 93' lang='lat'>,·</span> <span class='ocrx_word' id='word_1_1084' title='bbox 1990 4809 2046 4878; x_wconf 80' lang='lat' dir='ltr'>ipse</span> 
     </span>
     <span class='ocr_line' id='line_1_140' title="bbox 1256 4879 2046 4953; baseline -0.01 -14"><span class='ocrx_word' id='word_1_1085' title='bbox 1256 4888 1340 4953; x_wconf 82' lang='lat' dir='ltr'>dixit,</span> <span class='ocrx_word' id='word_1_1086' title='bbox 1357 4886 1408 4951; x_wconf 84' lang='lat' dir='ltr'>Qui</span> <span class='ocrx_word' id='word_1_1087' title='bbox 1420 4902 1470 4939; x_wconf 90' lang='lat' dir='ltr'>non</span> <span class='ocrx_word' id='word_1_1088' title='bbox 1484 4893 1586 4938; x_wconf 78' lang='lat' dir='ltr'>renatus</span> <span class='ocrx_word' id='word_1_1089' title='bbox 1598 4883 1674 4952; x_wconf 78' lang='lat' dir='ltr'>iuerd</span> <span class='ocrx_word' id='word_1_1090' title='bbox 1688 4897 1720 4935; x_wconf 81' lang='lat' dir='ltr'>es</span> <span class='ocrx_word' id='word_1_1091' title='bbox 1730 4896 1796 4950; x_wconf 85' lang='lat' dir='ltr'>equo</span> <span class='ocrx_word' id='word_1_1092' title='bbox 1814 4889 1837 4935; x_wconf 83' lang='lat' dir='ltr'>et</span> <span class='ocrx_word' id='word_1_1093' title='bbox 1859 4879 1972 4948; x_wconf 79' lang='lat' dir='ltr'>Spiritu,</span> <span class='ocrx_word' id='word_1_1094' title='bbox 1995 4896 2046 4932; x_wconf 79' lang='grc' dir='ltr'><strong>ιιοιι</strong></span> 
     </span>
     <span class='ocr_line' id='line_1_141' title="bbox 1256 4948 2044 5023; baseline -0.008 -13"><span class='ocrx_word' id='word_1_1095' title='bbox 1256 4957 1396 5010; x_wconf 82' lang='lat' dir='ltr'>intrabitis</span> <span class='ocrx_word' id='word_1_1096' title='bbox 1409 4971 1514 5023; x_wconf 78' lang='lat' dir='ltr'>regnunt</span> <span class='ocrx_word' id='word_1_1097' title='bbox 1527 4953 1657 5008; x_wconf 83' lang='lat' dir='ltr'>reiorum.</span> <span class='ocrx_word' id='word_1_1098' title='bbox 1670 4951 1738 5006; x_wconf 83' lang='lat' dir='ltr'>Ecce</span> <span class='ocrx_word' id='word_1_1099' title='bbox 1752 4951 1823 5020; x_wconf 84' lang='lat' dir='ltr'>rirga</span> <span class='ocrx_word' id='word_1_1100' title='bbox 1837 4948 1914 5004; x_wconf 89' lang='lat' dir='ltr'>iortis</span> <span class='ocrx_word' id='word_1_1101' title='bbox 1926 4949 2023 5004; x_wconf 87' lang='lat' dir='ltr'>Christi</span> <span class='ocrx_word' id='word_1_1102' title='bbox 2037 4992 2044 5010; x_wconf 90' lang='lat'>,</span> 
     </span>
     <span class='ocr_line' id='line_1_142' title="bbox 1256 5020 2046 5096; baseline -0.014 -14"><span class='ocrx_word' id='word_1_1103' title='bbox 1256 5027 1390 5096; x_wconf 91' lang='lat' dir='ltr'>quomodo</span> <span class='ocrx_word' id='word_1_1104' title='bbox 1404 5025 1560 5080; x_wconf 90' lang='lat' dir='ltr'>comminuit</span> <span class='ocrx_word' id='word_1_1105' title='bbox 1577 5038 1645 5092; x_wconf 88' lang='lat' dir='ltr'>opus</span> <span class='ocrx_word' id='word_1_1106' title='bbox 1660 5032 1744 5078; x_wconf 89' lang='lat' dir='ltr'>tuum.</span> <span class='ocrx_word' id='word_1_1107' title='bbox 1770 5022 1797 5075; x_wconf 82' lang='lat' dir='ltr'>st</span> <span class='ocrx_word' id='word_1_1108' title='bbox 1824 5031 1913 5076; x_wconf 89' lang='lat' dir='ltr'>autem</span> <span class='ocrx_word' id='word_1_1109' title='bbox 1926 5020 2046 5083; x_wconf 81' lang='lat' dir='ltr'>dixeris,</span> 
     </span>
     <span class='ocr_line' id='line_1_143' title="bbox 1259 5091 2048 5165; baseline -0.015 -14"><span class='ocrx_word' id='word_1_1110' title='bbox 1259 5097 1350 5161; x_wconf 80' lang='lat' dir='ltr'>Foris;</span> <span class='ocrx_word' id='word_1_1111' title='bbox 1375 5095 1482 5150; x_wconf 84' lang='lat' dir='ltr'>attende</span> <span class='ocrx_word' id='word_1_1112' title='bbox 1500 5093 1563 5165; x_wconf 89' lang='lat' dir='ltr'>qnid</span> <span class='ocrx_word' id='word_1_1113' title='bbox 1585 5093 1747 5164; x_wconf 89' lang='lat' dir='ltr'>respondeas</span> <span class='ocrx_word' id='word_1_1114' title='bbox 1771 5091 1927 5145; x_wconf 78' lang='lat' dir='ltr'>hauriebam.</span> <span class='ocrx_word' id='word_1_1115' title='bbox 1952 5091 2048 5158; x_wconf 80' lang='lat' dir='ltr'>Aliquo</span> 
     </span>
     <span class='ocr_line' id='line_1_144' title="bbox 1257 5160 2048 5232; baseline -0.011 -11"><span class='ocrx_word' id='word_1_1116' title='bbox 1257 5169 1328 5222; x_wconf 92' lang='lat' dir='ltr'>enim</span> <span class='ocrx_word' id='word_1_1117' title='bbox 1353 5166 1423 5220; x_wconf 88' lang='lat' dir='ltr'>bellu</span> <span class='ocrx_word' id='word_1_1118' title='bbox 1444 5165 1589 5220; x_wconf 90' lang='lat' dir='ltr'>secundum</span> <span class='ocrx_word' id='word_1_1119' title='bbox 1606 5172 1632 5219; x_wconf 89' lang='lat' dir='ltr'>te</span> <span class='ocrx_word' id='word_1_1120' title='bbox 1651 5170 1791 5232; x_wconf 87' lang='lat' dir='ltr'>superatus</span> <span class='ocrx_word' id='word_1_1121' title='bbox 1805 5162 1839 5215; x_wconf 88' lang='lat' dir='ltr'>ab</span> <span class='ocrx_word' id='word_1_1122' title='bbox 1857 5160 1947 5228; x_wconf 90' lang='lat' dir='ltr'>aliquo</span> <span class='ocrx_word' id='word_1_1123' title='bbox 1969 5160 2048 5213; x_wconf 81' lang='lat' dir='ltr'>Pater</span> 
     </span>
     <span class='ocr_line' id='line_1_145' title="bbox 1257 5230 2047 5307; baseline -0.009 -18"><span class='ocrx_word' id='word_1_1124' title='bbox 1257 5245 1385 5307; x_wconf 64' lang='lat' dir='ltr'>«surreptus</span> <span class='ocrx_word' id='word_1_1125' title='bbox 1395 5234 1432 5307; x_wconf 86' lang='lat' dir='ltr'>(e)</span> <span class='ocrx_word' id='word_1_1126' title='bbox 1447 5245 1489 5290; x_wconf 92' lang='lat' dir='ltr'>est</span> <span class='ocrx_word' id='word_1_1127' title='bbox 1500 5236 1534 5288; x_wconf 89' lang='lat' dir='ltr'>de</span> <span class='ocrx_word' id='word_1_1128' title='bbox 1553 5249 1636 5300; x_wconf 86' lang='lat' dir='ltr'>regno</span> <span class='ocrx_word' id='word_1_1129' title='bbox 1648 5234 1787 5296; x_wconf 87' lang='lat' dir='ltr'>coelornm,</span> <span class='ocrx_word' id='word_1_1130' title='bbox 1801 5245 1851 5286; x_wconf 90' lang='lat' dir='ltr'>nec</span> <span class='ocrx_word' id='word_1_1131' title='bbox 1861 5230 1893 5282; x_wconf 90' lang='lat' dir='ltr'>ad</span> <span class='ocrx_word' id='word_1_1132' title='bbox 1904 5244 1965 5284; x_wconf 90' lang='lat' dir='ltr'>cum</span> <span class='ocrx_word' id='word_1_1133' title='bbox 1979 5244 2047 5296; x_wconf 82' lang='lat' dir='ltr'>epm</span> 
     </span>
     <span class='ocr_line' id='line_1_146' title="bbox 1258 5298 2046 5376; baseline -0.015 -12"><span class='ocrx_word' id='word_1_1134' title='bbox 1258 5307 1318 5364; x_wconf 81' lang='lat' dir='ltr'>Filii</span> <span class='ocrx_word' id='word_1_1135' title='bbox 1327 5307 1367 5360; x_wconf 92' lang='lat' dir='ltr'>sni</span> <span class='ocrx_word' id='word_1_1136' title='bbox 1382 5307 1497 5376; x_wconf 89' lang='lat' dir='ltr'>pertinet</span> <span class='ocrx_word' id='word_1_1137' title='bbox 1505 5305 1656 5370; x_wconf 83' lang='lat' dir='ltr'>Baptismus</span> <span class='ocrx_word' id='word_1_1138' title='bbox 1669 5302 1848 5371; x_wconf 81' lang='lat' dir='ltr'>parvulorum,</span> <span class='ocrx_word' id='word_1_1139' title='bbox 1864 5315 1913 5355; x_wconf 91' lang='lat' dir='ltr'>ncc</span> <span class='ocrx_word' id='word_1_1140' title='bbox 1925 5299 1958 5353; x_wconf 90' lang='lat' dir='ltr'>ad</span> <span class='ocrx_word' id='word_1_1141' title='bbox 1967 5298 2046 5354; x_wconf 88' lang='lat' dir='ltr'>Chri·</span> 
     </span>
     <span class='ocr_line' id='line_1_147' title="bbox 1258 5370 2048 5440; baseline -0.015 -8"><span class='ocrx_word' id='word_1_1142' title='bbox 1258 5390 1328 5434; x_wconf 90' lang='lat' dir='ltr'>stum</span> <span class='ocrx_word' id='word_1_1143' title='bbox 1340 5377 1418 5432; x_wconf 90' lang='lat' dir='ltr'>etiam</span> <span class='ocrx_word' id='word_1_1144' title='bbox 1433 5375 1584 5430; x_wconf 85' lang='lat' dir='ltr'>mansiones</span> <span class='ocrx_word' id='word_1_1145' title='bbox 1594 5373 1680 5428; x_wconf 86' lang='lat' dir='ltr'>Patris</span> <span class='ocrx_word' id='word_1_1146' title='bbox 1696 5387 1702 5424; x_wconf 94' lang='lat'><strong>:</strong></span> <span class='ocrx_word' id='word_1_1147' title='bbox 1717 5386 1748 5426; x_wconf 91' lang='lat' dir='ltr'>ac</span> <span class='ocrx_word' id='word_1_1148' title='bbox 1761 5386 1807 5440; x_wconf 91' lang='lat' dir='ltr'>per</span> <span class='ocrx_word' id='word_1_1149' title='bbox 1820 5370 1871 5425; x_wconf 91' lang='lat' dir='ltr'>boe</span> <span class='ocrx_word' id='word_1_1150' title='bbox 1880 5370 1994 5424; x_wconf 85' lang='lat' dir='ltr'>diuisum</span> <span class='ocrx_word' id='word_1_1151' title='bbox 2005 5379 2048 5424; x_wconf 86' lang='lat' dir='ltr'>est</span> 
     </span>
     <span class='ocr_line' id='line_1_148' title="bbox 1258 5440 2047 5518; baseline -0.018 -14"><span class='ocrx_word' id='word_1_1152' title='bbox 1258 5463 1369 5518; x_wconf 86' lang='lat' dir='ltr'>regnum</span> <span class='ocrx_word' id='word_1_1153' title='bbox 1382 5461 1484 5501; x_wconf 90' lang='lat' dir='ltr'>eorum.</span> <span class='ocrx_word' id='word_1_1154' title='bbox 1505 5443 1625 5500; x_wconf 87' lang='lat' dir='ltr'>Christus</span> <span class='ocrx_word' id='word_1_1155' title='bbox 1645 5443 1716 5497; x_wconf 89' lang='lat' dir='ltr'>enim</span> <span class='ocrx_word' id='word_1_1156' title='bbox 1738 5441 1832 5510; x_wconf 86' lang='lat' dir='ltr'>recipit</span> <span class='ocrx_word' id='word_1_1157' title='bbox 1855 5440 2001 5510; x_wconf 87' lang='lat' dir='ltr'>baptizatos</span> <span class='ocrx_word' id='word_1_1158' title='bbox 2022 5440 2047 5491; x_wconf 93' lang='lat' dir='ltr'>in</span> 
     </span>
     <span class='ocr_line' id='line_1_149' title="bbox 1259 5509 2048 5589; baseline -0.018 -16"><span class='ocrx_word' id='word_1_1159' title='bbox 1259 5534 1369 5589; x_wconf 85' lang='lat' dir='ltr'>regnum</span> <span class='ocrx_word' id='word_1_1160' title='bbox 1382 5516 1511 5573; x_wconf 86' lang='lat' dir='ltr'>coelorum</span> <span class='ocrx_word' id='word_1_1161' title='bbox 1526 5532 1533 5567; x_wconf 75' lang='grc' dir='ltr'>ε</span> <span class='ocrx_word' id='word_1_1162' title='bbox 1547 5514 1626 5569; x_wconf 86' lang='lat' dir='ltr'>Pater</span> <span class='ocrx_word' id='word_1_1163' title='bbox 1638 5529 1690 5567; x_wconf 93' lang='lat' dir='ltr'>nnn</span> <span class='ocrx_word' id='word_1_1164' title='bbox 1702 5512 1848 5582; x_wconf 83' lang='lat' dir='ltr'>baptizatos</span> <span class='ocrx_word' id='word_1_1165' title='bbox 1859 5513 1884 5566; x_wconf 93' lang='lat' dir='ltr'>in</span> <span class='ocrx_word' id='word_1_1166' title='bbox 1898 5509 2048 5565; x_wconf 79' lang='lat' dir='ltr'>mansiones</span> 
     </span>
     <span class='ocr_line' id='line_1_150' title="bbox 1259 5577 2046 5656; baseline -0.019 -11"><span class='ocrx_word' id='word_1_1167' title='bbox 1259 5589 1311 5645; x_wconf 92' lang='lat' dir='ltr'>loci</span> <span class='ocrx_word' id='word_1_1168' title='bbox 1332 5590 1384 5643; x_wconf 90' lang='lat' dir='ltr'>sui.</span> <span class='ocrx_word' id='word_1_1169' title='bbox 1406 5588 1477 5642; x_wconf 87' lang='lat' dir='ltr'>Ecce</span> <span class='ocrx_word' id='word_1_1170' title='bbox 1491 5585 1692 5656; x_wconf 85' lang='lat' dir='ltr'>qualessensus</span> <span class='ocrx_word' id='word_1_1171' title='bbox 1714 5583 1884 5653; x_wconf 79' lang='lat' dir='ltr'>tmpmgoma</span> <span class='ocrx_word' id='word_1_1172' title='bbox 1906 5596 1921 5634; x_wconf 91' lang='lat' dir='ltr'>a</span> <span class='ocrx_word' id='word_1_1173' title='bbox 1942 5577 2046 5632; x_wconf 78' lang='lat' dir='ltr'>diabol·</span> 
     </span>
     <span class='ocr_line' id='line_1_151' title="bbox 1259 5649 2085 5730; baseline -0.019 -16"><span class='ocrx_word' id='word_1_1174' title='bbox 1259 5661 1363 5730; x_wconf 87' lang='lat' dir='ltr'>peperit</span> <span class='ocrx_word' id='word_1_1175' title='bbox 1375 5657 1485 5714; x_wconf 81' lang='lat' dir='ltr'>lraeresis</span> <span class='ocrx_word' id='word_1_1176' title='bbox 1502 5665 1588 5711; x_wconf 89' lang='lat' dir='ltr'>restra</span> <span class='ocrx_word' id='word_1_1177' title='bbox 1604 5671 1610 5706; x_wconf 92' lang='lat'><strong>:</strong></span> <span class='ocrx_word' id='word_1_1178' title='bbox 1626 5669 1690 5710; x_wconf 88' lang='lat' dir='ltr'>ecce</span> <span class='ocrx_word' id='word_1_1179' title='bbox 1703 5653 1809 5708; x_wconf 89' lang='lat' dir='ltr'>oiticiua</span> <span class='ocrx_word' id='word_1_1180' title='bbox 1824 5653 1867 5706; x_wconf 92' lang='lat' dir='ltr'>iiia</span> <span class='ocrx_word' id='word_1_1181' title='bbox 1888 5649 2046 5717; x_wconf 72' lang='lat' dir='ltr'>i&#39;eiagiuna,</span> <span class='ocrx_word' id='word_1_1182' title='bbox 2082 5664 2085 5673; x_wconf 88' lang='lat'>·</span> 
     </span>
     <span class='ocr_line' id='line_1_152' title="bbox 1258 5716 2046 5795; baseline -0.018 -10"><span class='ocrx_word' id='word_1_1183' title='bbox 1258 5730 1314 5786; x_wconf 87' lang='lat' dir='ltr'>sire</span> <span class='ocrx_word' id='word_1_1184' title='bbox 1325 5729 1495 5793; x_wconf 85' lang='lat' dir='ltr'>Coeiestiana,</span> <span class='ocrx_word' id='word_1_1185' title='bbox 1510 5726 1544 5781; x_wconf 88' lang='lat' dir='ltr'>de</span> <span class='ocrx_word' id='word_1_1186' title='bbox 1560 5740 1611 5795; x_wconf 89' lang='lat' dir='ltr'>qua</span> <span class='ocrx_word' id='word_1_1187' title='bbox 1633 5725 1742 5779; x_wconf 92' lang='lat' dir='ltr'>nimium</span> <span class='ocrx_word' id='word_1_1188' title='bbox 1762 5723 1832 5778; x_wconf 90' lang='lat' dir='ltr'>docti</span> <span class='ocrx_word' id='word_1_1189' title='bbox 1857 5729 1884 5774; x_wconf 89' lang='lat' dir='ltr'>et</span> <span class='ocrx_word' id='word_1_1190' title='bbox 1903 5716 1999 5772; x_wconf 91' lang='lat' dir='ltr'>acutuli</span> <span class='ocrx_word' id='word_1_1191' title='bbox 2014 5717 2046 5771; x_wconf 86' lang='lat' dir='ltr'>ad</span> 
     </span>
     <span class='ocr_line' id='line_1_153' title="bbox 1260 5788 2046 5869; baseline -0.018 -15"><span class='ocrx_word' id='word_1_1192' title='bbox 1260 5800 1395 5856; x_wconf 89' lang='lat' dir='ltr'>interitum</span> <span class='ocrx_word' id='word_1_1193' title='bbox 1409 5795 1586 5869; x_wconf 87' lang='lat' dir='ltr'>processistis,</span> <span class='ocrx_word' id='word_1_1194' title='bbox 1600 5797 1704 5865; x_wconf 86' lang='lat' dir='ltr'>qualern</span> <span class='ocrx_word' id='word_1_1195' title='bbox 1718 5795 1805 5848; x_wconf 89' lang='lat' dir='ltr'>locrun</span> <span class='ocrx_word' id='word_1_1196' title='bbox 1818 5789 1922 5846; x_wconf 86' lang='lat' dir='ltr'>miseris</span> <span class='ocrx_word' id='word_1_1197' title='bbox 1932 5788 2046 5857; x_wconf 70' lang='lat' dir='ltr'>{seruulis</span> 
     </span>
     <span class='ocr_line' id='line_1_154' title="bbox 1260 5858 2049 5931; baseline -0.006 -7"><span class='ocrx_word' id='word_1_1198' title='bbox 1260 5870 1406 5931; x_wconf 74' lang='lat' dir='ltr'>lubricant,</span> <span class='ocrx_word' id='word_1_1199' title='bbox 1424 5877 1452 5922; x_wconf 94' lang='lat' dir='ltr'>nt</span> <span class='ocrx_word' id='word_1_1200' title='bbox 1465 5876 1493 5921; x_wconf 90' lang='lat' dir='ltr'>et</span> <span class='ocrx_word' id='word_1_1201' title='bbox 1510 5867 1589 5921; x_wconf 86' lang='lat' dir='ltr'>Pater</span> <span class='ocrx_word' id='word_1_1202' title='bbox 1612 5867 1731 5920; x_wconf 86' lang='lat' dir='ltr'>rideatur</span> <span class='ocrx_word' id='word_1_1203' title='bbox 1758 5878 1837 5930; x_wconf 88' lang='lat' dir='ltr'>regno</span> <span class='ocrx_word' id='word_1_1204' title='bbox 1859 5858 2003 5919; x_wconf 73' lang='lat' dir='ltr'>cretosus.</span> <span class='ocrx_word' id='word_1_1205' title='bbox 2021 5866 2049 5910; x_wconf 71' lang='lat'>⁰²</span> 
     </span>
     <span class='ocr_line' id='line_1_155' title="bbox 1260 5928 2047 5999; baseline -0.022 -2"><span class='ocrx_word' id='word_1_1206' title='bbox 1260 5942 1405 5997; x_wconf 72' lang='lat' dir='ltr'>ilitristttsa</span> <span class='ocrx_word' id='word_1_1207' title='bbox 1416 5938 1596 5993; x_wconf 83' lang='lat' dir='ltr'>mattsionihtts</span> <span class='ocrx_word' id='word_1_1208' title='bbox 1609 5936 1693 5990; x_wconf 82' lang='lat' dir='ltr'>Putris</span> <span class='ocrx_word' id='word_1_1209' title='bbox 1703 5937 1710 5988; x_wconf 86' lang='lat' dir='ltr'>i</span> <span class='ocrx_word' id='word_1_1210' title='bbox 1722 5933 1791 5999; x_wconf 77' lang='lat' dir='ltr'>Quid</span> <span class='ocrx_word' id='word_1_1211' title='bbox 1804 5929 1930 5998; x_wconf 78' lang='lat' dir='ltr'>deinceps</span> <span class='ocrx_word' id='word_1_1212' title='bbox 1942 5943 1958 5982; x_wconf 79' lang='lat' dir='ltr'>a</span> <span class='ocrx_word' id='word_1_1213' title='bbox 1971 5928 2047 5981; x_wconf 82' lang='lat' dir='ltr'>ruitis</span> 
     </span>
    </p>
   </div>
   <div class='ocr_carea' id='block_1_7' title="bbox 1293 6021 1800 6157">
    <p class='ocr_par' dir='ltr' id='par_1_11' title="bbox 1293 6021 1800 6157">
     <span class='ocr_line' id='line_1_156' title="bbox 1293 6021 1800 6088; baseline -0.016 -11"><span class='ocrx_word' id='word_1_1214' title='bbox 1293 6034 1301 6066; x_wconf 82' lang='lat'><strong>¹</strong></span> <span class='ocrx_word' id='word_1_1215' title='bbox 1318 6043 1407 6079; x_wconf 84' lang='lat' dir='ltr'>rrnrues</span> <span class='ocrx_word' id='word_1_1216' title='bbox 1422 6035 1474 6077; x_wconf 78' lang='lat' dir='ltr'>stes.</span> <span class='ocrx_word' id='word_1_1217' title='bbox 1487 6027 1587 6088; x_wconf 87' lang='lat' dir='ltr'>addunt,</span> <span class='ocrx_word' id='word_1_1218' title='bbox 1598 6027 1634 6077; x_wconf 88' lang='lat' dir='ltr'>rel</span> <span class='ocrx_word' id='word_1_1219' title='bbox 1646 6021 1800 6088; x_wconf 84' lang='lat' dir='ltr'>reperiemus.</span> 
     </span>
     <span class='ocr_line' id='line_1_157' title="bbox 1293 6090 1526 6157; baseline -0.013 -14"><span class='ocrx_word' id='word_1_1220' title='bbox 1293 6095 1329 6157; x_wconf 78' lang='lat' dir='ltr'>(n)</span> <span class='ocrx_word' id='word_1_1221' title='bbox 1341 6100 1420 6152; x_wconf 78' lang='lat' dir='ltr'>torte,</span> <span class='ocrx_word' id='word_1_1222' title='bbox 1429 6090 1526 6154; x_wconf 74' lang='lat' dir='ltr'>ciectus,</span> 
     </span>
    </p>
   </div>
   <div class='ocr_carea' id='block_1_8' title="bbox 0 0 2472 6884">
    <p class='ocr_par' dir='ltr' id='par_1_12' title="bbox 0 0 2472 6884">
     <span class='ocr_line' id='line_1_158' title="bbox 0 0 2472 6884; baseline 0 0"><span class='ocrx_word' id='word_1_1223' title='bbox 0 0 2472 6884; x_wconf 95' lang='lat' dir='ltr'> </span> 
     </span>
    </p>
   </div>
  </div>
 </body>
</html>
