4900 6892
356 708 362 715 -
386 665 451 724 loct

289 767 295 777 ¹
385 778 491 836 dentes.
505 770 680 843 utproienum
693 767 789 837 dogma
800 764 937 821 nominum
950 760 1108 815 nuens-tute
1119 768 1176 813 tue·

386 867 502 934 rerrtm?
515 864 670 933 Quanqrram
682 860 744 932 qrrid
763 859 824 913 dieo
839 857 873 911 de
893 852 1064 909 iianiciueis?
1085 864 1178 905 ornnes

388 971 499 1029 prorsus
510 955 627 1009 haereses
641 954 746 1007 inventa
760 965 825 1016 sua,
839 947 935 1015 mribus
947 960 962 1000 a
978 945 1076 1015 piehte
1088 951 1115 998 et
1127 942 1180 997 bde

386 1046 616 1109 exorbitaverunt,
627 1043 826 1112 scripturarum
849 1035 1046 1093 elocutionibus
1069 1044 1180 1090 senteu-

389 1141 487 1208 tiisque
497 1136 691 1193 communiunt.

425 1237 495 1284 Aac.
511 1228 550 1283 llli
566 1227 695 1282 obscuras
714 1222 861 1279 sententias
873 1220 899 1275 in
919 1234 995 1274 suurn
1010 1216 1106 1286 dogma
1120 1228 1182 1269 eon·

389 1330 496 1375 rertcre
510 1334 517 1373 :
532 1332 580 1373 vrrs
597 1327 705 1386 apertas
722 1316 780 1386 ipso
793 1322 884 1368 restro
898 1311 1021 1382 dogmate
1038 1306 1183 1362 obscurare

389 1411 534 1465 conamini.
550 1409 618 1478 Quid
631 1410 702 1464 euim
716 1408 833 1476 apertius
847 1419 926 1475 nisam
939 1401 1055 1474 quodait
1068 1400 1184 1468 hposto·

392 1501 445 1560 bas,
453 1500 593 1556 Peccatum
613 1500 640 1554 iu
663 1498 734 1553 hrrnc
748 1495 875 1551 mundum
888 1509 935 1563 per
947 1507 1028 1547 uuum
1048 1488 1184 1543 homiuem

392 1593 522 1656 intrasse,
541 1600 569 1646 et
587 1605 635 1660 pcr
657 1597 795 1661 peccatum
819 1595 948 1646 mortem,
962 1582 1036 1637 etita
1051 1580 1078 1634 in
1091 1591 1186 1632 omnes

396 1682 520 1736 bantinus
543 1680 718 1753 pertransisse
744 1678 830 1749 (Rom.
849 1692 876 1740 r,
892 1675 954 1746 teli
975 1671 1051 1740 erod
1074 1670 1096 1727 si
1120 1684 1185 1741 pro-

394 1774 461 1827 bare
480 1772 550 1825 idern
568 1779 709 1841 cogeretur
728 1766 882 1836 apostotus,
906 1764 989 1833 ipsam
1010 1760 1115 1829 generis
1136 1759 1187 1812 iru-

394 1864 466 1916 mani
495 1861 629 1917 nucerium
648 1867 742 1915 testem
765 1858 858 1921 daret,
880 1870 939 1925 quar
960 1852 1051 1921 incipit
1065 1868 1079 1903 a
1093 1849 1187 1919 uagiti-

394 1954 446 2008 bus
457 1954 465 1985 ¹
481 1953 660 2023 pararrlorum,
679 1957 706 2005 et
719 1963 804 2018 usque
820 1947 853 2001 ad
864 1944 1061 2014 decrepitorum
1073 1939 1188 2010 gemitus

395 2044 526 2113 peri-enit.
542 2043 618 2098 ilrrlln
632 2041 702 2096 enirn
720 2038 800 2094 niodo
816 2036 866 2091 sub
880 2051 943 2090 cura
956 2030 1146 2102 omnipotentis
1160 2036 1189 2083 ct

393 2136 458 2204 justi
472 2134 565 2189 eadem
591 2141 644 2186 tam
663 2145 758 2201 ariagne
778 2127 886 2183 miseria
906 2133 1008 2180 nahrrae
1025 2123 1188 2190 irrogaretur

396 2225 587 2291 lanuinus-,uisi
596 2225 621 2279 in
632 2223 735 2277 duobus
747 2218 900 2275 horninibus
913 2225 966 2272 tota
977 2213 1010 2270 dc
1021 2212 1135 2283 paradisi
1147 2211 1196 2266 le·'

397 2318 498 2372 licitare
507 2316 533 2371 in
542 2316 610 2369 hanc
621 2311 802 2369 infelicitatem
813 2307 913 2379 peccati
926 2305 1021 2361 naerito
1034 2303 1186 2373 pelleretur.

431 2406 528 2462 xxvi.
540 2407 600 2462 dur..
616 2404 682 2460 Nnrn
702 2403 781 2472 igitur
794 2400 854 2455 ideo
864 2406 909 2452 eut
921 2394 993 2450 Libri
1012 2393 1079 2448 sacri
1095 2400 1188 2447 aucto·

396 2512 440 2552 res
463 2497 644 2565 probabuntur
663 2506 800 2552 errnrrrrn,
814 2496 861 2542 aaut
877 2487 989 2542 crimina
1004 2482 1189 2553 pereuntium,

396 2589 599 2657 Scripturarum
608 2585 724 2654 dignitas
736 2579 871 2650 expiabit!

428 2681 504 2734 Ace.
520 2677 576 2730 lloc
592 2674 669 2729 uobis
681 2671 773 2727 dieite.

431 2767 540 2824 xxt'tt.
557 2766 618 2822 deu.
632 2764 823 2833 Exstiuguatur
837 2761 925 2829 itaque
937 2755 1190 2827 indisciplinatarum

394 2858 594 2929 esgnrsitiouum
616 2855 720 2910 libido:
738 2852 804 2907 nihil
818 2866 898 2921 agero
911 2858 1003 2903 contra
1023 2845 1189 2900 manilestam

397 2952 444 3007 bei
455 2948 585 3020 iristitiam
600 2948 681 3001 rerba
695 2943 838 3000 credantur
860 2956 867 2994 :
882 2955 942 3009 φιτ.
955 2939 976 2992 si
997 2937 1056 3007 ejus
1070 2949 1191 3005 personae

396 3050 472 3105 sarrit,
488 3055 568 3111 quam
582 3035 705 3093 venerari
723 3047 833 3089 neccsse
844 3039 896 3095 est,
907 3027 1087 3084 defendantur
1097 3025 1189 3094 expia·

397 3132 551 3187 nationibus
564 3128 662 3184 divinae
681 3122 890 3195 congruentibus
904 3119 1039 3190 aequitati3
1050 3119 1091 3172 sin
1102 3127 1190 3171 autem

398 3242 453 3279 rann
467 3219 610 3277 metuendo
624 3228 685 3274 sunt
698 3226 806 3272 auctore
822 3214 938 3285 prolata,
952 3211 1031 3266 etiarn
1046 3207 1191 3277 ineliquata

399 3316 540 3385 pellantur.
556 3312 638 3383 igitur
651 3324 724 3365 nune
742 3307 789 3362 ilci
800 3305 901 3376 judicio
913 3303 1072 3373 disputatur,
1092 3299 1126 3358 de
1138 3313 1192 3370 quo

397 3410 498 3464 elicitur
511 3409 531 3472 ¹,
548 3405 618 3460 Deua
631 3404 732 3473 fidelia,
747 3401 773 3454 in
786 3414 835 3469 quo
849 3413 900 3451 nora
915 3407 951 3450 eat
966 3394 1100 3463 ingratum
1106 3396 1193 3462 judaia

398 3508 422 3554 et
432 3507 534 3551 mactus
544 3494 666 3548 Dominus
678 3490 746 3544 Deua
758 3487 846 3558 (bnt.
863 3500 947 3549 arata,
958 3482 998 3554 d).
1023 3482 1056 3536 Et
1076 3483 1170 3535 iterum
1184 3496 1192 3535 a

397 3588 492 3643 danna
507 3586 644 3649 Dorrdnara,
661 3591 684 3638 et
704 3579 831 3652 justitiam
853 3575 959 3636 dilexit,
978 3573 1120 3643 agatnen
1133 3571 1195 3625 uidit

398 3681 484 3735 auitae
497 3679 552 3749 ejtra
566 3673 651 3750 (Paci.
665 3690 693 3739 x,
706 3671 789 3742 8).Et
801 3670 896 3724 iteruin
913 3683 920 3720 ε
936 3665 1029 3720 daun
1040 3663 1139 3734 jndicio
1151 3671 1195 3716 tuo

399 3772 507 3841 aquilos
518 3766 603 3843 (Paci.
614 3779 707 3826 catut,
719 3762 794 3833 tlt).
807 3761 947 3815 innumera
959 3765 1021 3812 stant
1032 3755 1194 3820 testimonia,

400 3861 499 3932 guribus
512 3859 622 3930 equitas
635 3855 725 3912 divina
739 3854 765 3907 in
781 3851 865 3907 sacris
878 3847 1056 3903 uoluminibus
1067 3843 1196 3914 predica-

401 3963 465 4006 tur:
479 3951 513 4006 de
524 3963 575 4020 qua
586 3960 667 4003 nenio
678 3941 815 4000 tamenrel
830 3939 986 4004 Gerttilium,
1003 3937 1043 3990 rei
1057 3935 1197 3990 haeretico-

402 4059 479 4109 rum,
494 4050 590 4113 praeter
602 4036 761 4094 blasncbacos
775 4033 1023 4100 Treboniumque,
1039 4028 1177 4083 dubitavit.

442 4138 511 4191 hus.
528 4133 567 4188 Ea
582 4132 632 4186 hac
643 4129 771 4200 aeqriitate
788 4140 870 4196 grave
882 4123 973 4192 jugum
985 4127 1118 4188 estsuper
1130 4118 1198 4174 lilios

404 4227 490 4282 Adana
514 4224 592 4279 adle
609 4223 695 4278 exitus
712 4220 747 4275 de
766 4226 858 4272 ceastre
883 4213 975 4268 matris
993 4225 1085 4265 eurum
1105 4206 1197 4279 (Eccli.

403 4334 451 4381 xc,
465 4319 492 4386 i)
505 4332 512 4370 a
525 4314 596 4384 rpnod
611 4312 720 4367 omnino
733 4322 794 4365 esse
813 4305 909 4361 assent
922 4302 1051 4374 irriguum,
1062 4300 1107 4371 qui
1118 4306 1198 4371 tregit

405 4406 536 4478 originale
547 4413 684 4476 peccatum
701 4401 723 4456 ¹.

443 4495 561 4555 lxtttt.
582 4494 643 4551 lus.
656 4492 694 4548 lto
709 4489 781 4546 enirn
796 4486 919 4541 munibus
936 4481 1112 4553 generaliter,
1135 4477 1200 4534 ele·

406 4601 486 4647 ceute
498 4598 593 4645 nactura
604 4585 628 4654 ⁸,
641 4584 800 4640 inculcatum
815 4587 867 4644 est,
884 4577 965 4631 beant
975 4575 1075 4643 iustum
1088 4585 1159 4637 csse,
1171 4578 1200 4624 tat

408 4679 578 4737 ruairilesturu
597 4677 651 4740 sit,
677 4675 759 4729 beura
789 4686 842 4726 nnn
863 4682 924 4723 esse
945 4680 1025 4734 qrrern
1052 4660 1202 4718 constiterit

404 4776 507 4844 jirstuin
522 4784 574 4824 nou
591 4781 661 4823 esse.
681 4765 773 4820 Potest
787 4762 867 4831 igitur
881 4768 909 4813 et
922 4756 1003 4810 horno
1010 4754 1099 4826 iustus
1116 4766 1199 4808 csse:

409 4866 482 4919 bons
492 4875 556 4916 sero
567 4872 630 4914 esse
642 4855 692 4912 nisi
704 4855 793 4925 justus
806 4865 860 4906 uun
874 4856 971 4918 potest.

404 5021 406 5025 7
446 4958 512 5010 hcc.
529 4952 586 5008 Tibi
600 4949 654 5007 dic.

445 5043 542 5101 xlttx.
558 5042 618 5098 Juu.
632 5039 682 5109 eri
695 5051 757 5094 eum
772 5043 814 5091 est
827 5033 871 5089 bic
885 5045 953 5087 unus
968 5042 1050 5085 uerus
1063 5029 1074 5060 ⁸
1087 5027 1202 5083 cuicre·

409 5138 510 5203 diruas,
521 5142 549 5190 et
556 5147 636 5203 quem
653 5128 820 5186 iuTriuitate
838 5137 1005 5184 veneramur,
1018 5119 1100 5175 dubio
1111 5117 1202 5188 procui

410 5229 439 5283 tn
449 5239 544 5282 ornnes
554 5222 646 5294 irtdicii
656 5230 698 5278 est
710 5220 815 5275 ratione
824 5216 990 5286 iustissimus
999 5214 1021 5264 ⁸.

447 5321 515 5375 buc.
529 5315 589 5372 Tibi
600 5315 644 5370 dic
659 5330 666 5369 :
683 5320 712 5368 et
723 5310 834 5367 minate
844 5307 945 5378 justum
958 5319 1017 5361 esso
1034 5313 1064 5359 ut
1075 5318 1136 5359 cunt
1150 5312 1204 5358 unt

445 5537 536 5646 :cc
550 5523 853 5645 macer
875 5522 973 5581 ...a
984 5532 1009 5570 .

444 5632 549 5716 »nn
569 5667 621 5706 e·
641 5624 857 5724 abacum
875 5642 917 5709 ,a
938 5639 1206 5707 elnensem·

410 5717 818 5838 caproffiffi'upeoerptppcpptm
829 5776 870 5819 tts.
882 5779 942 5818 vero
959 5772 1026 5825 tter,
1038 5762 1151 5816 ammte
1161 5775 1206 5814 na-

412 5848 487 5949 ἰι
514 5838 755 5959 stabias·
769 5829 1011 5942 tumea.

447 5963 458 5995 ⁸
473 5964 542 6011 tuem
552 5961 645 6019 udas,
661 5959 693 6030 in·
701 5905 810 6025 maffia
824 5950 973 6023 judicii‘eat
995 5947 1085 6021 rethre
1102 5946 1208 6020 laisarei-

413 6032 545 6138 mater.
558 6020 665 6081 mlier..
683 6031 710 6072 ro
726 6013 835 6068 murdre
848 6013 952 6077 audreas
968 6016 991 6062 et
1010 6017 1102 6061 robore
1119 6009 1207 6072 iann-

1056 644 1158 701 tlutlt
1177 641 1314 700 cuibus.

1951 640 2022 698 tota

1236 755 1374 810 nranilesta
1390 755 1511 820 miseria,
1526 756 1566 812 rel
1584 755 1616 810 ari
1629 764 1682 811 bru
1702 755 1868 811 maullestaru
1885 757 2021 812 acherium

1235 858 1458 915 praemunitque
1470 855 1607 916 peccatum
1622 847 1750 917 originale
1764 864 1815 902 nou
1830 848 1959 904 trabitur.

1270 936 1356 991 xxx.
1373 935 1432 990 lut.
1446 937 1482 991 tte
1497 936 1576 1007 latrjirs
1589 938 1677 1007 itaque
1688 939 1788 1008 legibus
1800 943 1835 993 ita
1852 940 1860 970 ¹
1877 940 1983 1009 probari
1997 951 2026 996 ct

1234 1026 1361 1080 uiridioeri
1378 1041 1430 1080 nora
1447 1035 1549 1095 praest,
1565 1028 1635 1097 qnod
1650 1042 1709 1082 esse
1720 1038 1825 1083 constat
1839 1031 1978 1098 injustum,
1997 1041 2024 1086 ut

1235 1119 1257 1172 si
1268 1116 1319 1172 boc
1327 1117 1383 1192 lieri
1395 1127 1493 1187 posset,
1505 1119 1576 1172 iliius
1585 1118 1771 1176 divinitastota
1781 1122 1930 1178 vilesceret.
1944 1125 1984 1177 Ab
1993 1142 2026 1179 en

1236 1211 1316 1282 igitur
1335 1210 1489 1281 probabitur
1502 1212 1535 1266 de
1548 1213 1691 1282 scripturis
1711 1215 1810 1270 sanctis
1826 1216 1960 1286 injustitie
1975 1218 2023 1272 do-

1236 1322 1296 1377 gma
1312 1307 1421 1373 linnari,
1440 1322 1454 1361 a
1469 1324 1522 1378 qrro
1534 1309 1674 1379 approbari
1687 1312 1801 1381 arriserit
1814 1312 1971 1368 Trinitatem
1984 1315 2027 1371 cui

1236 1399 1371 1454 credimus
1382 1398 1526 1455 divinitatis
1535 1401 1617 1470 gioria
1632 1416 1709 1470 posse
1723 1403 1830 1471 privari.

1274 1491 1340 1546 huc.
1354 1490 1453 1545 Verum
1467 1491 1533 1546 dicis
1550 1509 1557 1545 ι
1572 1492 1619 1547 scd
1635 1493 1710 1547 uobis
1723 1495 1803 1549 dicite
1816 1497 1839 1559 ¹,
1855 1495 1899 1564 qui
1913 1495 2027 1567 gloriam

1238 1581 1356 1647 Christo,
1370 1597 1420 1652 quta
1435 1584 1558 1651 parrulos
1572 1593 1658 1651 sanat,
1671 1585 1797 1638 molimini
1811 1585 1926 1642 arilerrc.

1275 1673 1371 1728 xxxt.
1383 1672 1441 1728 Jur..
1455 1674 1531 1742 Quod
1547 1676 1672 1744 quoniam
1689 1691 1738 1730 nec
1753 1676 1822 1730 ratio
1837 1679 1951 1732 sustinet
1964 1679 2028 1739 ulla,

1240 1779 1289 1818 nec
1315 1764 1418 1833 pietas:
1439 1772 1486 1818 aut
1507 1764 1592 1830 doce,
1609 1768 1649 1821 rel
1668 1781 1747 1836 posse
1763 1782 1840 1832 esse,
1867 1769 1907 1824 rei
1926 1769 2029 1841 justum

1239 1870 1316 1918 esse,
1334 1856 1458 1926 imputari
1477 1858 1599 1927 curieuarn
1620 1859 1742 1914 naturaie
1767 1869 1923 1931 peccaturn3
1946 1871 2028 1918 autn

1240 1943 1435 2015 Scripturarurn
1460 1955 1611 2000 sanctarum
1637 1949 1862 2004 contaminatione
1880 1949 2028 2016 discedito,

1240 2049 1351 2104 quarum
1372 2037 1512 2091 sententiis
1532 2034 1543 2068 ⁸
1562 2037 1658 2092 sanciri
1677 2039 1794 2094 aestintas
1817 2040 1888 2111 quod
1910 2040 2029 2112 iniquum
2118 2026 2123 2032 ’

1240 2127 1344 2195 cogeris
1360 2126 1491 2181 conilteri.

1276 2217 1345 2272 Auo.
1367 2218 1468 2272 Erratis
1483 2236 1490 2273 :
1504 2233 1552 2273 ros
1571 2219 1659 2287 potius
1673 2218 1791 2290 iniquum
1807 2222 1931 2293 cogimini
1946 2222 2031 2277 conb-

1242 2310 1291 2363 tcri
1317 2324 1398 2380 grase
1423 2325 1504 2380 super
1529 2311 1655 2381 parrulos
1680 2313 1789 2384 inguim
1812 2314 1834 2368 si
1855 2315 2031 2384 quemadmo-

1241 2400 1305 2454 durn
1321 2400 1423 2456 nulium
1439 2401 1538 2457 habent
1561 2403 1719 2473 proprium,
1742 2404 1777 2457 ita
1800 2404 1903 2459 nullum
1925 2404 2034 2460 trabunt

1242 2490 1371 2560 originale
1384 2502 1534 2560 peccatum

1279 2578 1387 2634 ΧΧΧΙΙ.
1407 2580 1467 2635 dut.
1483 2581 1559 2648 Quod
1578 2581 1600 2635 si
1619 2590 1741 2637 neutrum
1765 2581 1860 2636 borum
1884 2598 1943 2654 quar
1967 2583 2035 2640 diat-

1244 2686 1314 2739 nnrs,
1336 2670 1435 2735 laeics;
1456 2681 1484 2726 et
1503 2672 1565 2726 buic
1588 2672 1643 2726 beo
1665 2682 1691 2726 te
1712 2673 1811 2727 asseris
1823 2673 1944 2739 credere,
1959 2674 2036 2744 crrjrts

1245 2760 1374 2815 institutis
1385 2760 1541 2829 injustitiam
1560 2761 1719 2815 communiri
1739 2762 1856 2815 esuries
1870 2779 1877 2814 ε
1891 2777 2033 2832 ergnoscc,

1244 2850 1328 2904 titubo
1341 2860 1367 2905 te
1379 2865 1476 2904 uorum
1489 2852 1599 2922 antiquo
1613 2850 1760 2906 hinniebeo
1773 2857 1834 2906 esse
1849 2850 1977 2921 peiorem,
1990 2855 2036 2925 (μή

1245 2943 1323 2996 erlem
1339 2943 1423 2996 ὓειιπι
1438 2942 1548 3007 babeas,
1561 2943 1664 3011 natalem
1685 2940 1847 2996 Manichacus
1864 2941 1911 2997 [lei
1929 2942 1972 2997 sui
1994 2953 2036 3000 est

1243 3041 1411 3088 continemus
1425 3033 1574 3089 inimicum.
1722 3088 1728 3095 ,

1280 3127 1348 3182 Aac.
1370 3125 1424 3180 Tus
1445 3125 1521 3195 pejus
1544 3140 1622 3191 quam
1637 3123 1775 3179 llaniehaei
1790 3125 1890 3180 seritis
1903 3124 1929 3179 in
1944 3141 2037 3195 parre

1245 3219 1296 3273 los.
1311 3219 1349 3273 illi
1362 3218 1460 3288 quippe
1472 3219 1587 3271 animam
1601 3218 1706 3280 saltem,
1718 3232 1797 3287 quam
1811 3226 1914 3286 partem
1926 3218 1971 3272 ilci
1986 3233 2037 3288 pu·

1246 3318 1313 3374 tarn,
1327 3308 1416 3362 sanari
1432 3323 1479 3377 per
1492 3306 1626 3361 Christum
1642 3307 1668 3360 in
1681 3305 1792 3375 parvolo
1806 3308 1915 3362 solunt:
1929 3320 1978 3362 ros
1990 3321 2038 3363 au·

1247 3409 1312 3463 tem,
1325 3413 1405 3468 quiem
1417 3413 1466 3452 uec
1481 3398 1506 3452 in
1520 3397 1619 3461 aniura,
1637 3412 1686 3451 nec
1701 3397 1726 3451 in
1741 3411 1822 3452 carne
1843 3397 1925 3452 ullum
1939 3398 2038 3454 malunt

1246 3491 1346 3546 babere
1358 3491 1457 3554 dicitis,
1477 3506 1525 3559 per
1543 3490 1678 3544 Claristum
1701 3491 1790 3546 sanari
1815 3491 1887 3546 nulla
1910 3507 1943 3547 ea
1963 3501 2040 3564 porte

1248 3583 1411 3652 permittitis.
1426 3581 1458 3634 Et
1473 3580 1593 3651 praeclari
1617 3581 1806 3650 predicatores
1827 3582 1866 3637 sie
1887 3583 2039 3652 predicans

1247 3674 1338 3730 iesum
1352 3672 1374 3740 ⁸,
1399 3688 1428 3726 us
1453 3688 1514 3727 enm
1538 3672 1638 3743 negetis
1662 3673 1829 3741 parvulorum
1853 3689 1913 3730 esse
1933 3675 2037 3733 tesnn.

1249 3764 1326 3820 Unde
1339 3777 1454 3833 namque
1469 3762 1519 3817 boc
1535 3778 1631 3816 nomen
1646 3764 1790 3832 acceperit,
1804 3764 1831 3820 in
1844 3763 1987 3837 Evangelio
2001 3767 2040 3823 ie·

1248 3857 1301 3926 gite
1315 3855 1421 3924 (llottlr.
1438 3869 1458 3921 r,
1477 3853 1509 3907 at
1523 3851 1545 3924 ),
1565 3860 1593 3908 et
1613 3853 1695 3909 noble
1708 3855 1874 3912 salvatorem
1888 3872 1940 3912 uon
1961 3858 2041 3914 sabis

1249 3948 1365 4019 paruulis
1376 3947 1509 4016 denegare
1519 3946 1540 3999 ⁸.

1286 4040 1405 4095 lllilllli.
1425 4039 1484 4095 lue.
1500 4039 1571 4107 Quas
1583 4037 1648 4093 anibi
1663 4053 1727 4110 ergo
1739 4048 1766 4094 tu
1780 4039 1825 4096 bic
1835 4041 1971 4112 ambages,
1982 4056 2042 4112 quae
2113 4026 2118 4038 '¹

1250 4131 1390 4187 cervicalia
1405 4129 1603 4185 mendaciorum
1617 4142 1645 4185 et
1659 4131 1836 4203 ineptiarum,
1857 4148 1915 4203 quaa
1935 4133 2043 4189 Jerusa-

1252 4226 1304 4281 lem
1331 4223 1474 4278 lornicanti
1497 4222 1621 4277 Ezechiel
1637 4224 1767 4293 propheta
1788 4224 1901 4293 imputat
1922 4224 2042 4298 (Erech.

1252 4331 1311 4379 aru,
1337 4314 1405 4385 t8);
1421 4313 1592 4378 admovebis,
1617 4313 1643 4368 in
1666 4313 1762 4385 quibus
1784 4314 1929 4370 muliebres
1947 4317 2043 4371 anianae

1253 4409 1361 4470 cubent,
1374 4408 1481 4460 nomina
1495 4405 1684 4477 mysteriorum
1700 4414 1830 4471 tenentes,
1843 4421 1903 4461 cunr
1917 4407 1942 4461 iu
1959 4409 2044 4479 ipsarn
2135 4458 2140 4467 .

1253 4500 1417 4555 divinitatem
1438 4506 1536 4551 retecta
1559 4493 1717 4565 prrarbrnitate
1731 4496 1923 4551 conuniscriut.
1949 4497 2045 4554 berno-

1254 4593 1288 4648 tis
1301 4592 1312 4624 ⁸
1325 4590 1449 4646 orantibus
1464 4587 1606 4660 prestigiis
1626 4596 1654 4642 et
1672 4586 1860 4642 advocatarum
1884 4603 1956 4658 saepe
1978 4602 1994 4642 a
2018 4598 2045 4645 te

1253 4683 1455 4755 plebecularum
1477 4681 1600 4742 eatcrris,
1623 4678 1690 4733 doce
1709 4680 1809 4748 justum
1830 4679 1978 4751 essequod
1997 4694 2046 4751 per

1255 4773 1407 4845 Scripturas
1421 4778 1527 4825 sanctas
1541 4768 1675 4824 albamara
1689 4768 1795 4824 conaris
1809 4770 1830 4821 ⁷.

1292 4865 1360 4921 Aac.
1380 4860 1592 4926 Plebecularum,
1613 4874 1679 4929 quas
1701 4859 1805 4920 irrides.
1819 4870 1944 4928 catervas,
1960 4876 2045 4919 nose-

1255 4967 1319 5014 runt
1339 4955 1497 5012 catholicam
1521 4953 1617 5017 lldem,
1637 4967 1697 5022 que
1718 4968 1733 5006 a
1761 4951 1898 5008 salvatore
1921 4954 2046 5012 saluari⁸

1256 5049 1416 5106 eorrbtentur
1428 5047 1556 5111 inlautcs;
1568 5052 1596 5099 ct
1615 5044 1676 5100 ideo
1695 5045 1912 5117 pelagianorum,
1934 5047 1980 5118 qui
1996 5047 2047 5103 boc

1258 5152 1365 5214 negant.
1379 5140 1544 5196 detestantur
1558 5152 1687 5192 erroreru.

1292 5229 1414 5307 xxxii.
1434 5229 1494 5286 lut..
1513 5227 1553 5283 Ne
1566 5241 1631 5297 ergo
1646 5227 1672 5281 in
1688 5228 1789 5283 infinita
1804 5226 1938 5282 sulcamina
1952 5238 2048 5285 exteti-

1288 5390 1300 5483 ξ
1315 5387 1352 5436 sle
1362 5392 1416 5434 stes.
1428 5389 1554 5433 necabar.
1567 5387 1593 5430 et
1610 5378 1712 5449 clamat
1722 5377 1790 5439 editi,
1801 5377 1839 5428 id.

1258 5579 1315 5624 ttss
1333 5575 1460 5620 t‘ort.ttar.
1471 5567 1533 5616 clar.

1290 5637 1359 5682 ‘uss
1369 5626 1584 5683 (asthmaticon.

1291 5698 1302 5729 ⁸
1317 5689 1510 5750 alienissimae
1523 5699 1533 5738 .·
1551 5699 1599 5736 uon
1618 5683 1692 5734 maie.
1704 5683 1749 5733 sed
1765 5686 1920 5746 mouseriptt
1940 5683 2050 5742 babent,

1260 5757 1388 5821 denegare.
1401 5755 1539 5821 uiraseort.
1554 5749 1590 5820 stc
1600 5747 1704 5805 terebat,
1715 5745 1742 5798 in
1757 5746 1883 5811 samecha
1897 5743 1982 5808 legite,
2004 5755 2051 5795 noo

1260 5817 1405 5955 suffla?
1415 5809 1738 5929 fflwrffif'grnticqtfg,
1759 5869 1818 5928 aed,
1840 5866 1911 5915 abest
1932 5877 1946 5914 a
1964 5874 2060 5937 mene-f

1260 5949 1420 6053 ”ambire
1428 5999 1498 6056 editi,
1509 5996 1572 6070 epod
1584 6007 1628 6059 per
1639 5993 1776 6055 scriptores
1786 5986 1886 6050 firmare
1897 5980 2003 6060 cererin

1292 6067 1304 6100 ⁸
1321 6066 1433 6121 tabuit,
1444 6061 1542 6120 warna,
1553 6059 1600 6114 itate
1611 6065 1753 6108 resecamus
1761 6063 1794 6101 cs
1802 6061 1981 6112 maumrpus.
