4900 6892
425 660 499 737 'tous

428 800 490 848 itere
501 808 551 848 non
572 797 675 862 porrum
691 795 837 856 :tonantum
860 782 1018 854 exponendo
1031 780 1094 852 quid
1111 779 1156 833 bis
1169 792 1220 832 uo·

429 884 545 938 minibus
568 878 769 951 signidcarerit,
795 891 829 929 ne
852 877 908 947 ipsa
936 872 1052 929 carnaiis
1074 869 1221 926 substantia

428 975 592 1037 crederetur,
607 970 736 1039 adiunxit,
756 966 844 1038 Neque
860 967 989 1037 corruptio
1008 963 1221 1032 incorruptionem

429 1065 575 1130 possidebit.
586 1063 620 1117 Et
634 1061 779 1118 secundnm
793 1060 871 1115 istum
885 1072 993 1114 sensnm
1014 1055 1097 1126 magis
1117 1053 1222 1108 ridetur

428 1164 526 1210 cetera
547 1163 676 1209 attexere.
699 1151 752 1206 Sed
772 1149 927 1205 utmndibet
947 1148 989 1201 bis
1012 1145 1100 1201 uerbis
1130 1148 1222 1198 auctor

428 1246 585 1301 corumdem
595 1244 737 1300 uerborum
750 1231 899 1311 signiticare
910 1236 1034 1302 coluerit,
1046 1245 1169 1290 nenuum
1180 1241 1222 1288 est

428 1350 521 1393 eontra
536 1338 626 1404 ddern,
640 1351 699 1407 «puae
718 1335 753 1388 ita
774 1349 804 1388 se
825 1332 922 1394 babet,
943 1341 1039 1384 utnon
1063 1326 1168 1382 dubitet
1194 1326 1221 1379 in

429 1446 510 1486 cartre
534 1427 727 1497 incornrptibdi
758 1437 941 1495 possessuram
971 1433 1082 1489 reguum
1108 1416 1154 1472 liei
1188 1425 1222 1471 cx

428 1523 554 1578 orrrrribus
574 1521 699 1592 genitibus
721 1525 908 1586 congregatam
932 1513 977 1567 liei
1001 1509 1140 1566 lamiiiam.
1163 1507 1221 1562 llon

429 1614 519 1684 itaque
532 1613 540 1644 ¹
555 1611 606 1666 boe
618 1606 849 1680 reprehendimus,
864 1602 934 1673 quod
948 1602 1027 1657 etiam
1040 1608 1101 1655 ante
1116 1613 1166 1654 nos
1178 1597 1221 1653 di·

429 1707 552 1761 ulnarum
565 1701 761 1771 scripturarum
786 1695 909 1751 catiroiici
932 1701 1089 1747 tractatores
1103 1690 1223 1760 plerique

429 1794 565 1857 dixerunt,
580 1806 688 1847 carnem
708 1797 736 1843 ot
748 1785 903 1856 sarrguinem
922 1783 965 1836 bic
986 1796 1063 1852 posse
1077 1778 1160 1849 accipi
1174 1777 1222 1832 bo-

430 1887 538 1952 mincs,
561 1885 605 1954 qui
617 1881 763 1939 secundum
777 1892 885 1934 carnem
898 1884 926 1931 ot
935 1875 1090 1945 sanguinem
1105 1872 1221 1942 sapiunt,

430 1988 460 2035 et
472 1979 533 2034 ideo
554 1991 666 2046 rognum
690 1974 737 2028 liei
759 1986 812 2026 rron
839 1968 1009 2039 possidebunt
1026 1980 1033 2021 ι
1049 1967 1088 2021 sic
1101 1965 1172 2020 enim
1186 1962 1223 2017 ait

431 2071 502 2126 idem
517 2069 611 2125 doctor
622 2065 758 2130 Gentium,
773 2061 871 2132 Sapere
884 2057 1022 2115 recondunt
1039 2071 1140 2110 curnem
1155 2067 1223 2108 more

434 2171 483 2217 eet.
500 2159 553 2216 Sed
566 2156 638 2229 quoti
651 2172 703 2211 non
719 2155 758 2209 ris
779 2162 891 2208 mortem
904 2150 1025 2220 corporis
1039 2147 1162 2203 animalis
1176 2160 1224 2216 per

431 2261 570 2323 peccatum
584 2248 663 2319 primi
677 2245 792 2302 bominis
813 2242 953 2307 eccidisse,
967 2256 1028 2296 cum
1042 2239 1134 2294 audias
1146 2252 1223 2293 eum·

430 2344 492 2399 dem
506 2340 656 2412 apostolum
669 2337 814 2400 dicentem,
828 2332 927 2404 Corpus
939 2342 1065 2388 mortuom
1075 2341 1110 2386 ert
1122 2337 1224 2401 propter

431 2443 561 2502 peccatum
573 2430 661 2503 (lionn
677 2443 744 2493 rrrt,
760 2425 788 2492 d,
804 2423 862 2494 tu);
886 2439 974 2495 neque
994 2437 1091 2494 negare
1106 2420 1222 2486 audeas,

362 2512 364 2516 ⁵
431 2527 654 2584 resurrectionem
675 2521 796 2592 corporis
811 2518 968 2591 spiritualis,
990 2533 1049 2589 quae
1064 2515 1142 2572 morti
1159 2523 1221 2570 eor-

433 2621 506 2692 poris
527 2616 652 2673 animalis
671 2614 815 2687 opponitur
827 2629 843 2668 e
856 2611 1012 2676 contrario,
1036 2606 1223 2681 perjustitiam

431 2709 542 2768 secundi
564 2707 681 2762 bominis
694 2704 863 2769 adiuturam;
880 2710 908 2758 et
924 2701 975 2757 hoo
991 2700 1051 2756 ideo
1062 2714 1115 2754 nou
1131 2698 1181 2762 vis,
1195 2702 1224 2754 ui

431 2799 590 2870 corporibus
602 2806 780 2860 mortuorum,
799 2801 825 2848 et
838 2802 886 2864 per
898 2791 956 2846 baec
967 2791 1048 2846 etiam
1063 2787 1224 2844 cruciatibus

433 2890 604 2948 morientium
616 2887 727 2957 impleas
738 2883 900 2956 paradisum,
920 2883 1058 2938 matarum
1068 2879 1223 2934 deliciarum

434 2980 634 3038 memorabilem
651 2978 739 3032 locum
760 2993 766 3029 :
789 2974 842 3029 boe
862 2971 1095 3042 reprebendimus,
1111 2966 1222 3022 boeda·

433 3083 575 3137 testemur,
599 3070 650 3125 boc
668 3068 777 3139 dignum
799 3065 968 3120 anathemate
986 3062 1148 3132 judicamus.
1173 3060 1223 3116 Cui

433 3167 504 3222 oraim
519 3163 597 3220 morti
610 3163 636 3215 in
650 3159 702 3215 tine
715 3156 896 3220 insultabitur,
909 3168 970 3208 eum
981 3151 1095 3218 dicetur,
1113 3150 1161 3207 titt
1176 3159 1221 3217 ot,

433 3272 518 3322 rurore,
539 3252 642 3307 uictoria
656 3259 698 3303 tuo
709 3250 722 3303 i
734 3246 776 3302 udi
797 3255 844 3307 eat,
859 3260 943 3309 mors,
959 3242 1061 3297 oculeus
1076 3241 1157 3296 tanei
1170 3239 1222 3296 nisi

434 3359 480 3405 :nu
491 3346 608 3411 diabolo,
627 3344 707 3400 etiam
721 3340 815 3396 mortis
827 3337 973 3407 corporalis
985 3335 1104 3400 auctori,
1118 3340 1164 3388 aut
1174 3332 1224 3403 ipsi

433 3439 513 3496 morti
536 3435 667 3506 corporis,
691 3446 771 3502 quam
787 3426 1080 3496 resurrectiocorporis
1094 3423 1224 3480 absorbe·

434 3531 491 3586 biti
514 3529 562 3584 llic
574 3527 645 3583 enim
658 3537 748 3579 sermo
761 3530 825 3577 tnnc
838 3519 899 3585 liet,
914 3534 976 3574 cum
987 3516 1160 3587 corruptibile
1172 3516 1225 3571 boc

435 3620 551 3676 induerit
566 3614 806 3683 incorruptionem,
819 3619 847 3665 ct
858 3607 970 3664 mortale
983 3607 1032 3662 boe
1046 3606 1162 3661 induerit
1175 3605 1226 3660 im·

434 3709 636 3768 mortalitatem.
656 3705 720 3760 Sine
735 3702 908 3772 ambiguitate
920 3699 1019 3770 quippe
1032 3697 1098 3754 dicit
1110 3699 1224 3767 Aposto-

433 3805 475 3858 ius
490 3818 498 3857 a
513 3798 577 3856 cnm
598 3792 762 3865 corruptibile
782 3792 830 3846 boc
852 3791 964 3844 induerit
987 3789 1222 3854 incommoditatem,

435 3899 494 3946 tunc
508 3890 551 3958 fiet
573 3899 655 3942 terrim
676 3885 720 3955 qui
732 3883 839 3952 scriptus
860 3890 915 3943 est,
931 3878 1056 3949 disorpto
1068 3888 1105 3933 ert
1118 3895 1186 3933 irrora
1198 3878 1225 3934 ιιι

433 3983 574 4038 uictoriam.
589 3977 638 4035 titi
649 3986 705 4039 eet,
721 3991 804 4038 mora,
819 3973 924 4026 uictoria
943 3971 1008 4025 tuci
1020 3971 1064 4025 obi
1080 3980 1130 4037 ert,
1144 3986 1223 4036 mora,

434 4075 539 4131 aculem
550 4081 607 4126 mm
619 4070 632 4124 i
646 4067 695 4125 Coi
710 4065 789 4122 morti
804 4065 857 4119 boc
869 4063 983 4131 dicetur,
996 4062 1047 4119 nisi
1059 4078 1118 4132 quae
1132 4062 1226 4116 absor-

436 4165 543 4222 bebitur
556 4162 583 4216 in
604 4155 763 4214 uictoriam?
774 4165 802 4211 ct
812 4170 873 4225 quae
886 4154 936 4208 ista
950 4160 1010 4221 est,
1026 4153 1078 4208 nisi
1090 4161 1149 4224 odae
1162 4160 1225 4209 tune

433 4254 630 4316 absorbebitur,
644 4248 751 4321 quando
770 4245 944 4316 corruptibile
960 4245 1012 4301 boc
1024 4252 1122 4316 corpus
1142 4251 1223 4316 atque

438 4346 551 4404 mortale
574 4340 773 4411 incorruptione
786 4345 865 4408 atque
876 4336 1075 4392 immortalitate
1085 4333 1225 4392 vestieturi

436 4440 521 4511 liujus
535 4452 600 4508 ergo
612 4433 760 4506 corporalis
779 4431 874 4487 mortis
886 4430 995 4486 aculeus
1009 4437 1147 4500 peccatum
1159 4435 1202 4484 est
1217 4445 1225 4483 a

782 669 906 727 ortuis
925 665 1131 724 tittbut‘bctt
1149 659 1286 719 contub
1305 656 1485 719 tuttauttu.
1505 659 1533 715 S.
1554 653 1738 714 nuditati-:tt

1279 775 1332 830 tius
1345 775 1390 833 oui
1405 789 1463 829 eam
1481 788 1535 829 rrun
1549 772 1694 836 timuerint,
1709 772 1746 827 roi
1760 771 1844 827 danti
1860 771 1977 842 Propter
1995 774 2064 844 quod

1277 864 1414 927 borrrinus,
1430 878 1463 919 nc
1480 878 1552 918 mors
1566 863 1615 918 ista
1633 862 1756 932 corporis
1780 863 1916 930 tinuatur,
1940 864 2018 932 cuins
2033 865 2066 922 tl·

1274 966 1334 1008 mor
1347 953 1492 1019 sacurem,
1506 952 1551 1008 sed
1567 952 1610 1007 iiia
1626 954 1713 1022 potius
1727 955 1901 1022 sempiterna,
1918 966 1999 1026 quam
2013 968 2063 1013 taut

1276 1044 1404 1112 timendo,
1429 1045 1496 1099 liunt
1520 1045 1570 1112 rei,
1594 1044 1764 1114 apertissime
1775 1044 1841 1100 dicit
1856 1063 1864 1100 ε
1879 1045 2064 1103 metuerim

1274 1137 1370 1207 coepti
1382 1146 1476 1205 corpur
1486 1134 1613 1202 occidunt,
1627 1145 1651 1190 et
1670 1148 1755 1206 posteo
1768 1153 1819 1192 nor
1831 1137 1927 1192 hient
1947 1141 2015 1210 quoti
2026 1142 2053 1212 ie

1275 1227 1343 1280 rictu
1354 1242 1364 1291 ,·
1376 1225 1420 1280 red
1433 1240 1491 1278 com
1506 1225 1598 1288 tirnete,
1609 1226 1652 1296 qui
1662 1226 1737 1280 babet
1748 1236 1896 1297 potestatem
1909 1237 1935 1282 et
1947 1241 2066 1299 corpuet

1274 1318 1386 1370 unionum
1400 1319 1504 1388 perdere
1518 1317 1544 1370 in
1555 1318 1694 1388 peltennom
1706 1317 1782 1391 (tac.
1795 1335 1843 1387 ιιι,
1858 1321 1885 1386 i,
1902 1321 1943 1392 5).
1958 1320 2019 1377 llaec
2028 1331 2065 1378 est

1275 1417 1348 1463 certe
1368 1423 1440 1461 rrrors
1452 1406 1568 1462 secunda
1583 1416 1662 1476 atoue
1676 1418 1815 1479 perpetua,
1829 1417 1926 1464 corrtra
1941 1411 2016 1480 cujus
2034 1411 2065 1467 ti-

1276 1513 1378 1553 morem
1404 1513 1456 1553 non
1481 1507 1586 1554 certant
1605 1499 1702 1564 sancti,
1715 1500 1762 1554 sed
1777 1510 1871 1556 contra
1889 1502 1970 1557 istam
1984 1504 2062 1574 petiis

1275 1590 1395 1660 corporis
1409 1593 1592 1661 temporalem.
1605 1589 1670 1646 Nam
1684 1601 1714 1647 ut
1728 1592 1797 1649 bane
1810 1595 1933 1663 vincant,
1950 1597 2018 1652 iilam
2031 1596 2060 1653 ti-

1276 1691 1368 1747 meru;
1385 1683 1446 1752 quia
1459 1697 1519 1737 cum
1530 1682 1598 1737 banc
1609 1698 1658 1752 pro
1674 1684 1770 1753 pictate
1786 1695 1812 1740 et
1826 1686 1933 1756 justitia
1946 1689 2056 1757 vicerim

1277 1773 1350 1829 iilam
1364 1790 1416 1827 non
1431 1774 1561 1838 sentient,
1577 1772 1643 1829 lluic
1658 1790 1731 1844 crgo,
1749 1788 1801 1831 nort
1817 1777 1873 1840 illi,
1890 1778 2055 1849 irreultabuai,

1275 1863 1412 1925 dicentes:
1430 1863 1479 1919 titt
1493 1874 1540 1932 est,
1555 1875 1633 1931 more,
1649 1866 1754 1921 uictoria
1767 1877 1811 1923 trio
1821 1868 1835 1922 ‚⁹
1846 1868 1919 1940 quod
1931 1871 2055 1929 alibitcrl·

1276 1966 1349 2027 ptum
1364 1966 1423 2019 cst.
1454 1955 1502 2012 Ubi
1522 1966 1568 2023 ert,
1589 1974 1672 2024 mora,
1693 1961 1819 2013 contentio
1844 1971 1888 2014 tuo
1912 1961 1988 2034 (Osee
2005 1978 2051 2029 xrtt,

1277 2049 1320 2114 ll,
1336 2063 1386 2101 rec.
1400 2046 1484 2118 Lllx)
1496 2046 1508 2101 i
1521 2049 1586 2101 Cum
1609 2048 1688 2118 igitur
1708 2049 1787 2119 bajus
1801 2052 1895 2105 mortis
1910 2053 2012 2110 aculeus
2026 2052 2053 2111 aii

1277 2149 1501 2209 peccatumque
1527 2139 1614 2194 lrouto
1638 2139 1722 2196 audes
1744 2141 1856 2206 dicere,
1884 2159 1939 2198 non
1963 2153 2053 2215 percote

1275 2229 1354 2298 primi
1371 2228 1486 2283 bominis
1499 2242 1559 2284 csse
1573 2226 1672 2283 iactum
1685 2238 1714 2284 ut
1733 2230 1760 2284 in
1776 2230 1822 2285 ilio
1836 2247 1852 2285 a
1868 2232 1942 2305 ligno
1955 2234 2054 2291 vitesc-

1276 2328 1442 2387 peraremur,
1466 2324 1492 2372 ot
1515 2325 1599 2371 rnorte
1619 2319 1698 2372 etiam
1724 2320 1845 2390 corporis
1868 2320 2052 2392 plecteremur!

1277 2409 1343 2478 Quid
1355 2418 1406 2477 cst,
1420 2417 1533 2480 rogote,
1549 2409 1620 2478 qrrod
1635 2409 1762 2465 aduersus
1776 2412 1930 2469 divinornm
1949 2415 2052 2487 eloquio·

1277 2512 1336 2554 rum
1348 2499 1518 2566 euidentiam,
1535 2498 1683 2554 incredibili
1699 2500 1772 2556 rabie
1786 2505 1941 2572 spumantis
1953 2498 2053 2577 teneo

1277 2590 1339 2645 tatis
1355 2590 1488 2657 oblatras,
1511 2599 1635 2660 unquam
1649 2605 1703 2645 non
1721 2594 1805 2662 possit
1825 2594 1854 2649 in
1876 2594 1924 2650 liei
1949 2595 2054 2666 metae

1276 2681 1364 2735 anima
1377 2689 1420 2735 tua
1436 2680 1558 2737 obtinere
1570 2682 1662 2749 vitum,
1675 2682 1726 2739 nis'i
1740 2684 1803 2741 illuc
1816 2686 1999 2745 introduxeris
2009 2703 2054 2745 cm·

1276 2771 1350 2842 poris
1362 2779 1485 2836 mortem,
1504 2786 1563 2826 cnm
1579 2780 1618 2825 tot
1627 2781 1655 2827 et
1668 2773 1748 2828 ntrrtis
1758 2776 1945 2843 corporalibus
1959 2777 2053 2846 mmbb,

1276 2862 1454 2927 carnificibus,
1471 2863 1682 2932 praecursoribus
1695 2865 1810 2919 mortis?
1822 2865 1942 2923 Attende
1959 2868 2003 2924 tibi
2014 2882 2054 2939 pe⁴

1277 2953 1339 3018 bus,
1351 2967 1384 3008 nc
1400 2953 1425 3006 in
1437 2952 1524 3007 locum
1536 2952 1692 3008 deliciarum
1703 2964 1856 3010 sanctarum
1868 2957 1998 3014 mittendo
2006 2968 2055 3014 aar·

1278 3044 1350 3113 poris
1363 3056 1466 3114 poerras,
1483 3052 1510 3098 tu
1524 3043 1581 3114 ipse
1594 3043 1693 3114 pendas
1706 3044 1733 3098 in
1744 3044 1803 3101 loco
1815 3057 2004 3118 perpetuorum
2016 3047 2055 3104 to

1279 3134 1366 3189 iorum
1377 3142 1404 3190 ct
1414 3134 1495 3190 animi
1509 3144 1537 3190 ct
1550 3136 1671 3206 corporis
1679 3149 1783 3206 poenas.

1312 3243 1380 3303 ΧΗ.
1400 3245 1459 3302 luc.
1477 3243 1507 3302 ln
1523 3247 1574 3302 boc
1596 3263 1661 3303 sane
1679 3247 1739 3303 ioco
1758 3248 1926 3320 drrgustious
1946 3246 2054 3308 sertem

1277 3338 1383 3404 mortis,
1409 3346 1547 3408 peecatum
1561 3336 1627 3393 iilud
1649 3337 1772 3412 opinatur
1793 3341 1945 3411 antiquum,
1961 3342 2057 3397 nmio·

1280 3428 1400 3499 tellipons
1418 3427 1482 3499 quid
1505 3437 1641 3498 seqrratur,
1666 3429 1693 3484 id
1713 3440 1764 3498 est,
1794 3431 1874 3486 cirtae
1894 3434 1988 3504 peccati
2005 3428 2058 3488 ica:

1278 3534 1356 3590 quarn
1371 3519 1466 3591 legem,
1483 3531 1643 3590 preceptum
1658 3520 1729 3593 quod
1744 3521 1809 3578 tideo
1824 3526 1940 3593 positum
1956 3536 2006 3592 est,
2016 3538 2057 3583 w

1278 3616 1357 3666 natur
1369 3626 1499 3667 asserere.
1508 3608 1560 3668 Sed
1573 3608 1616 3666 iila
1627 3611 1668 3667 los
1677 3627 1729 3667 non
1742 3610 1791 3669 init
1804 3617 1907 3685 peccati
1919 3617 2009 3684 nnus,
2019 3628 2057 3672 re·

1278 3717 1336 3757 rum
1350 3702 1451 3772 pcccati
1472 3718 1564 3774 penus.
1581 3703 1659 3758 Aliud
1673 3714 1715 3760 est
1734 3706 1806 3760 enim
1825 3710 1942 3763 exstarrd
1957 3710 1993 3764 rei
2005 3708 2059 3765 dare

1278 3795 1413 3862 uirtutem,
1437 3795 1510 3850 aliud
1530 3795 1601 3866 quod
1623 3811 1677 3851 non
1699 3797 1802 3853 exstitit
1828 3813 1982 3869 procreare.
2002 3800 2059 3856 Ean

1278 3899 1344 3955 ergo
1364 3884 1436 3940 iilius
1448 3885 1565 3954 arboris,
1589 3885 1612 3942 si
1635 3901 1687 3942 uon
1703 3895 1776 3943 esset
1797 3888 1968 3956 interdictus,
1988 3882 2059 3944 mie

1279 3993 1332 4032 non
1353 3976 1446 4033 luisset
1460 3995 1467 4031 :
1479 3986 1619 4048 postquam
1642 3988 1733 4033 autem
1756 3966 1917 4036 interdictus
1935 3984 1986 4045 esi,
2006 3988 2059 4036 eta

1279 4067 1496 4139 pravartcadone
1515 4078 1667 4138 usurpatus,
1684 4079 1775 4123 natum
1797 4068 1841 4125 esi
1859 4070 1895 4127 ibi
1909 4080 1943 4128 cx
1962 4069 2059 4128 interdi-

1278 4170 1357 4216 cente
1377 4169 1405 4215 ct
1422 4156 1609 4216 contemnente
1628 4165 1922 4232 peccatumtquamris
1941 4179 1994 4220 uon
2012 4156 2061 4219 idea

1279 4250 1341 4332 data
1362 4249 1406 4304 lex
1425 4249 1528 4315 luisset,
1543 4257 1573 4304 ut
1589 4245 1810 4320 delinqueretur;
1826 4251 1875 4307 sed
1897 4263 1987 4310 tamen
2002 4252 2061 4309 tte·

1280 4339 1412 4403 iaciendo,
1429 4338 1456 4394 id
1468 4349 1520 4406 est,
1532 4338 1566 4395 dc
1579 4340 1675 4396 arbore
1687 4340 1865 4406 comedendo,
1880 4357 1934 4397 non
1949 4341 2063 4414 delinee-

1280 4442 1322 4487 set
1336 4431 1427 4495 bomo.
1451 4431 1512 4502 quia
1533 4431 1601 4487 bona
1622 4432 1703 4487 arbor
1724 4444 1792 4500 erat,
1809 4432 1971 4505 nisigustus
1991 4435 2062 4506 eina

435 4533 496 4605 quia
510 4531 572 4586 buie
585 4527 666 4583 morti
679 4526 794 4591 dicetur,
811 4522 859 4578 titi
871 4533 917 4585 cat,
933 4539 1012 4590 nrorr,
1028 4523 1131 4577 oculeus
1146 4521 1228 4576 tomi
1280 4524 1340 4594 iege
1363 4524 1520 4579 interdictus
1542 4523 1646 4580 inisset.
1668 4524 1746 4594 Quod
1767 4541 1833 4597 ergo
1854 4541 1903 4596 per
1916 4542 1949 4585 se
1967 4540 2063 4599 praru
2089 4508 2093 4521 ¹

436 4626 521 4694 mem
536 4621 658 4678 aculeum
678 4617 743 4673 dixit
758 4631 817 4673 esse
829 4626 983 4686 peceatum
997 4616 1117 4671 aculcnm
1130 4612 1228 4670 rideii·
1280 4624 1332 4681 est,
1353 4614 1426 4670 rcrbi
1449 4615 1533 4686 pratia
1556 4604 1740 4686 parricidium,
1762 4616 1949 4688 sacnlcgium,
1970 4615 2062 4674 adulte·

436 4726 480 4774 cet
493 4729 547 4787 quo
560 4726 633 4768 mors
646 4717 689 4767 est
707 4708 792 4774 iacta,
814 4722 866 4762 non
891 4720 969 4776 quem
984 4706 1044 4761 iecit
1059 4707 1135 4775 ipsa;
1158 4705 1228 4760 sicut
1280 4704 1360 4770 rium,
1375 4712 1403 4759 et
1416 4698 1514 4759 maium
1528 4719 1589 4760 esse
1600 4706 1680 4761 etiam
1690 4699 1749 4761 siue
1763 4697 1815 4760 iata
1826 4701 1887 4778 iege
1899 4707 2061 4778 dignoscitur.

436 4807 562 4880 menium
583 4803 678 4859 mortis
692 4809 735 4858 est
748 4809 803 4870 quo
816 4809 889 4854 mors
904 4796 943 4862 lit,
959 4810 1011 4851 non
1025 4796 1095 4866 quod
1110 4812 1126 4851 a
1141 4804 1228 4852 morte
1280 4789 1349 4852 bene
1369 4794 1465 4851 dicitur
1485 4788 1554 4866 apud
1576 4797 1803 4864 praerarimtorcs.
1829 4799 1876 4869 qui
1897 4800 2062 4870 cupientiores

437 4900 477 4954 ttt.
493 4894 632 4964 Quomodo
645 4884 765 4964 erpoini
779 4896 931 4961 patas,non
946 4885 1017 4952 bule,
1032 4885 1078 4940 sed
1091 4894 1226 4955 perpetuae
1281 4879 1459 4957 prohibitione
1480 4886 1638 4953 redduntur,
1657 4887 1779 4943 uirtutem
1799 4889 1950 4959 aeqtrisisse
1970 4905 2015 4962 per
2030 4887 2060 4943 le·

410 5044 413 5065 ,
438 4986 611 5044 insultabitur
632 4981 734 5037 martii
756 4977 888 5048 Nurnqnid
913 4977 969 5046 ipsa
991 4975 1178 5031 absorbebitur
1199 4976 1226 5032 io
1280 4993 1340 5050 pem
1355 4995 1361 5030 ι
1375 4977 1446 5048 quod
1459 4993 1523 5033 rero
1545 4977 1635 5048 inique
1656 4993 1709 5034 non
1725 4987 1879 5048 usurpantur.
1895 4980 1948 5035 nisi
1967 4976 2062 5034 interd·

440 5075 588 5141 uictoriam,
599 5086 661 5127 cum
671 5070 784 5126 mortale
794 5068 846 5122 boc
859 5067 975 5122 induerit
987 5066 1228 5122 immortalitatem?
1281 5051 1366 5135 catuli,
1377 5085 1462 5140 genus
1477 5068 1511 5123 ibi
1527 5061 1644 5139 proprie,
1665 5084 1718 5122 nou
1733 5068 1815 5124 robur
1825 5070 1853 5125 ei
1865 5077 1972 5126 cottstat
1982 5087 1998 5125 a
2009 5068 2062 5140 teris

439 5163 572 5237 liumquld
584 5163 715 5218 adversus
726 5169 834 5216 sanctos
847 5159 902 5228 ipsa
917 5159 1065 5224 conterruit,
1081 5166 1111 5214 ut
1122 5159 1180 5229 ejus
1195 5160 1229 5215 ti·
1281 5160 1422 5215 occasione
1440 5157 1578 5215 collatum.
1594 5151 1692 5214 iorum
1708 5161 1833 5229 quoniam
1848 5161 1893 5217 bic
1907 5156 1943 5216 iui
1964 5163 2060 5230 torpe,

408 5290 412 5300 ·
440 5273 499 5314 mor
512 5253 660 5313 certamino
678 5252 800 5308 vincatur
814 5248 931 5315 iliorum,
946 5265 1006 5320 qnae
1028 5251 1101 5320 prius
1113 5265 1161 5306 eos
1174 5251 1229 5306 ric·
1282 5251 1361 5321 buius
1374 5266 1481 5324 quoque
1502 5251 1562 5306 iibri
1583 5243 1637 5306 line
1654 5266 1814 5307 corrrmoneo
1827 5253 1956 5309 lectorem
1976 5266 2060 5313 nean.

439 5359 482 5406 tos
492 5348 613 5433 ¹tenebat,
626 5343 733 5417 quando
745 5357 804 5400 eam
823 5342 941 5398 timendo
956 5341 1121 5413 peccabant?
1136 5341 1230 5398 liorauo
1282 5351 1311 5396 ut
1323 5341 1463 5411 vigilanter
1473 5340 1606 5412 inspiciat,
1624 5341 1722 5395 nuliam
1737 5341 1764 5396 in
1779 5341 1838 5412 iege
1854 5341 2061 5403 lieioeoeaiooe·

441 5439 646 5510 propteripsam
668 5435 826 5492 vincendam
849 5435 976 5490 Dominus
989 5441 1109 5489 mortuus
1130 5443 1180 5499 est,
1201 5439 1230 5490 et
1282 5425 1434 5488 lianicitaeac
1461 5431 1604 5502 impietatis
1625 5426 1739 5496 oliendit
1762 5432 1851 5488 sedsi
1877 5447 1930 5505 qaia
1953 5442 2061 5506 putarit

441 5527 648 5586 eramarneum
660 5528 705 5597 qui
726 5535 883 5597 potetatem
897 5525 1011 5580 trabebat
1022 5524 1125 5590 mortis,
1141 5523 1228 5588 idest,
1282 5523 1415 5596 ambigua,
1430 5524 1576 5580 secundum
1587 5523 1692 5594 regulas
1706 5524 1826 5579 veritatis
1837 5531 1919 5596 atque
1931 5525 2060 5582 ratioaitti

444 5620 589 5685 «bubulum,
604 5626 632 5672 et
652 5618 773 5672 liberarit
785 5632 833 5673 eos
846 5617 891 5687 qni
906 5617 1002 5672 timore
1016 5615 1110 5671 mortis
1124 5630 1172 5686 per
1187 5625 1229 5671 to·
1282 5616 1383 5686 exponi
1404 5630 1493 5687 posse,
1516 5625 1542 5670 et
1554 5613 1663 5685 justitiae
1677 5615 1822 5670 corrreniro
1842 5630 1896 5670 non
1915 5609 2061 5672 dubitet&

443 5723 496 5769 tom
521 5712 603 5765 uitam
627 5708 665 5764 rei
688 5716 767 5764 orant
789 5706 925 5765 servitutis
948 5706 1039 5777 (ilcir.
1055 5722 1084 5774 n,
1100 5708 1143 5772 li,
1162 5705 1231 5777 ibit
1284 5705 1343 5761 iiios
1359 5719 1423 5776 ergo
1436 5705 1481 5773 spui
1495 5703 1598 5772 dicunt,
1612 5703 1669 5760 lion
1684 5719 1731 5775 per
1744 5702 1884 5761 Christum
1899 5706 2061 5762 eritrescrre

441 5800 573 5873 urimonte
589 5799 685 5854 timore
697 5797 790 5853 mortis
803 5805 912 5853 aeterue
927 5798 937 5829 ⁸
950 5797 988 5854 rei
1002 5805 1097 5864 omnm
1112 5811 1173 5853 cum
1183 5811 1231 5868 po-
1282 5801 1337 5856 ctio
1354 5809 1532 5863 mortumum,
1551 5808 1579 5854 et
1599 5799 1664 5853 istos
1685 5798 1729 5868 qui
1748 5808 1874 5853 asserum
1890 5812 1968 5869 aque
1984 5807 2061 5853 coum

1283 5891 1452 5962 Apostolum,
1468 5906 1521 5947 ιιοιι
1535 5900 1633 5947 nostrae
1643 5901 1746 5945 nattum
1755 5887 1987 5960 corpusirabuisoe
1997 5883 2061 5940 ctri-

472 5979 740 6101 :ifff{⁰2¹p¹e³ffl:¹‘”
752 5973 1230 6085 iffifffifffdnpffflfflillffliwii‘·
1284 5994 1373 6048 stum,
1402 5998 1449 6053 bct·
1476 5980 1546 6052 titrod
1572 5980 1777 6037 llanicbroorum
1803 5980 1871 6036 scita
1899 5988 2078 6038 muniti·
