4900 6892
432 682 497 740 isit

420 807 475 856 beer-e
490 801 610 866 sumre,
625 799 672 853 nisi
687 797 743 859 boe,
759 798 795 851 cei
808 799 903 867 adpuid
918 798 1060 867 lrujnsmodi
1072 797 1166 857 otides,
1180 805 1206 847 ut

420 876 497 931 dicet,
518 869 568 924 Vos
579 869 663 939 itaque
674 869 749 923 etium
761 868 842 934 ipsam
854 866 984 921 obediendi
999 866 1206 936 pmseoertmtiom

420 960 435 994 o
451 941 666 1004 Putrelrtruinttm,
674 956 691 992 o
699 954 748 1008 orto
757 938 883 991 descendit
894 954 966 991 omne
976 938 1063 990 dotum
1071 936 1203 1003 optimum,

420 1022 443 1063 et
456 1025 530 1064 omne
547 1008 643 1062 domn
658 1011 795 1079 perfectum
808 1004 907 1076 (iacobi
925 1021 944 1069 t,
960 1006 1023 1073 lt),
1037 1020 1139 1073 sperare
1161 1006 1206 1058 de·

421 1081 493 1143 betis,
507 1088 530 1132 et
544 1078 695 1147 quotidianis
709 1076 863 1131 orationibus
878 1092 988 1146 poscere,
1003 1087 1079 1143 atque
1098 1075 1144 1128 boe
1165 1078 1180 1146 f
1196 1107 1208 1118 -

420 1151 509 1202 eiertdo
521 1147 657 1214 confidere,
674 1163 723 1200 non
737 1163 780 1201 tros
795 1161 873 1199 essen
889 1145 1106 1214 praedestinatione
1120 1147 1208 1226 populi

420 1221 474 1288 ejus
487 1217 600 1281 nlierrosl
615 1218 675 1285 quio
688 1218 763 1270 etium
778 1215 839 1277 lroe,
856 1225 882 1268 ut
894 1216 1010 1284 [ociosis.
1023 1215 1078 1284 ipse
1090 1215 1206 1284 iorpttsr.

420 1288 491 1341 toste
505 1297 588 1340 nutem
606 1304 621 1339 n
636 1286 703 1338 robis
718 1286 776 1340 ideo
789 1285 922 1353 desperate
940 1284 972 1337 de
989 1282 1076 1348 uobis,
1090 1287 1207 1353 quonium

419 1374 490 1422 spem
510 1366 617 1410 oestrum
635 1356 732 1425 inipso
748 1354 838 1407 itabere
853 1354 993 1422 jubemini,
1012 1369 1063 1407 nort
1084 1355 1111 1406 iu
1129 1355 1206 1409 robis.

421 1426 572 1480 iioiediclus
590 1425 655 1478 enirn
671 1425 752 1478 omnis
766 1424 809 1493 qni
823 1440 892 1492 spem
906 1424 978 1476 itabat
997 1424 1024 1476 in
1038 1423 1138 1477 itontiue
1153 1423 1209 1494 (ie-

420 1512 482 1550 rem.
498 1510 564 1559 xrtt,
579 1497 608 1563 tl)
622 1504 664 1548 :et
676 1496 767 1548 bonum
780 1503 815 1548 est
824 1493 949 1561 confidere
961 1492 988 1546 in
999 1491 1118 1556 licutino,
1131 1509 1207 1561 quom

419 1565 546 1632 confidere
566 1565 592 1617 in
614 1565 714 1618 bomine
732 1562 824 1634 (Psoi.
839 1578 928 1627 castr,
942 1561 995 1625 8l;
1010 1563 1129 1632 quostiam
1141 1562 1207 1617 beati

419 1651 506 1688 ontnes
518 1635 560 1704 qui
574 1634 703 1701 confident
715 1634 741 1687 in
754 1650 821 1687 eunt.
840 1631 913 1686 ilonc
926 1648 995 1697 spent
1009 1642 1135 1692 tenentes,
1150 1648 1207 1687 ser·

419 1705 467 1757 rite
477 1704 584 1757 Dondno
594 1704 620 1757 in
627 1705 726 1767 timore,
736 1713 760 1757 et
768 1705 889 1757 easubote
898 1704 921 1757 ei
930 1703 956 1755 in
965 1712 1070 1756 tremore
1080 1699 1165 1772 (Psoi.
1176 1717 1205 1766 tt,

419 1774 480 1844 tt).
497 1773 622 1840 Quonim
635 1772 666 1825 de
682 1774 732 1825 oito
748 1785 858 1837 eterno,
874 1788 949 1843 netem
963 1771 1023 1839 filiis
1035 1771 1207 1841 promissionis

419 1844 534 1912 promisit
549 1858 599 1896 non
611 1842 719 1896 neuun
731 1841 799 1894 Peus
811 1852 868 1894 ante
880 1851 993 1910 temporo
1008 1853 1120 1903 eterne,
1134 1857 1207 1895 nemo

420 1921 501 1980 potest
513 1928 566 1965 esse
573 1927 683 1975 neurus,
694 1912 742 1965 nisi
751 1921 924 1964 commendato
937 1912 1012 1980 {omit
1023 1911 1071 1965 isto
1080 1910 1140 1974 rito,
1151 1926 1208 1979 pute

420 1983 523 2034 tentatio
543 1989 668 2050 estsuper
683 1989 775 2034 terrem
790 1979 852 2041 idob
876 1995 932 2046 ιιι,
948 1979 974 2049 l)
990 1982 1051 2034 :sed
1068 1979 1142 2046 {osiel
1162 1997 1208 2037 nos

420 2065 577 2120 perseuerare
586 2051 613 2103 in
624 2051 781 2120 assequenti
793 2050 870 2119 buius
878 2051 936 2103 oitse
946 2051 1032 2113 tinen,
1045 2050 1086 2103 etti
1096 2050 1208 2118 qnotidie

420 2121 545 2183 dicimus,
564 2137 574 2170 t
593 2118 634 2173 Ne
654 2135 699 2173 utos
713 2121 808 2243 superor
823 2119 1025 2173 intentationem
1043 2136 1052 2172 s
1069 2116 1119 2189 (De
1132 2118 1207 2174 Dono

420 2188 618 2244 Persererontiee
626 2206 653 2242 n.
666 2189 723 2260 tit).
748 2188 881 2253 ’idetisne
891 2188 1013 2251 obsecro,
1024 2199 1152 2259 querutum
1165 2189 1206 2246 di·

419 2269 470 2313 stet
481 2259 524 2313 bie
534 2273 623 2313 seruiit)
632 2257 667 2312 ab
676 2273 794 2328 aliquem
806 2260 955 2329 composuit
963 2260 1113 2329 malignitas
1126 2258 1204 2315 oblo-

419 2330 573 2397 questionu
587 2329 631 2397 nui
646 2329 805 2384 studuerunt
818 2329 898 2385 etiam
912 2343 1018 2398 eaquae
1038 2340 1110 2383 recte
1123 2329 1204 2394 dicit,

418 2398 547 2468 exquisita
561 2399 702 2452 uerbornm
717 2398 808 2452 lraurde
820 2398 1010 2466 corrumpere?
1024 2398 1060 2451 [ie
1070 2412 1123 2479 quio
1134 2398 1205 2453 idem

887 682 1072 740 soll0n'ttt0
1091 683 1122 739 tn
1141 680 1413 749 sobseottbrtrtttt
1432 681 1571 740 utetttilt.

1980 672 2047 743 tsstt'
2121 691 2123 697 ·

1264 797 1336 865 ptis:
1351 794 1459 866 Nempe,
1485 797 1579 868 inquil,
1594 797 1641 851 itoc
1653 797 1807 852 verissimum
1820 809 1864 862 est,
1879 799 1914 852 ito
1923 815 1994 865 serre,
2007 801 2052 855 ssd

1265 866 1485 935 improbissimum,
1499 867 1749 934 importunissimum,
1758 868 2052 938 inconpreentissintsm:

1266 952 1316 990 nori
1329 937 1396 1006 [also
1408 937 1517 1002 eloquio,
1531 936 1576 990 sed
1589 954 1638 990 nou
1650 937 1782 991 sulubriter
1790 938 1926 991 ualetudini
1937 939 2052 998 domena

1265 1006 1418 1071 infimritotis
1438 1008 1554 1076 opposito
1569 1004 1620 1074 (De
1639 1006 1711 1060 Dono
1727 1005 1938 1072 Perseveremus,
1951 1026 1979 1063 rt.
1992 1009 2052 1082 bil.

1266 1075 1323 1128 Non
1338 1075 1418 1143 igitur
1431 1091 1540 1130 necesse
1552 1087 1593 1130 est
1607 1075 1641 1131 dtr
1653 1077 1694 1130 liis
1708 1077 1837 1130 restionem
1853 1077 1980 1142 reddere,
1993 1081 2053 1148 qttsi

1266 1155 1293 1198 et
1305 1146 1339 1197 ab
1352 1145 1410 1199 aliis
1422 1145 1502 1211 dicta,
1515 1155 1540 1199 ct
1548 1147 1582 1200 ab
1595 1146 1652 1212 ipso
1664 1147 1829 1200 ostendimus
1842 1147 1988 1214 improbata
1999 1166 2005 1201 ε
2018 1149 2055 1204 its

1265 1225 1362 1277 tamen,
1377 1225 1405 1268 ut
1417 1216 1482 1269 nillil
1493 1217 1542 1269 sibi
1557 1215 1934 1284 persalsorumadmixtionem
1949 1218 2053 1289 praeripi

1264 1295 1398 1352 poteretur
1412 1300 1446 1339 es
1462 1285 1539 1338 veris.
1556 1286 1682 1351 Quauunis
1696 1286 1766 1340 enim
1789 1301 1924 1353 utrumquem
1944 1296 1997 1340 tam
2012 1287 2053 1344 iu-

1259 1354 1388 1424 sipienter
1403 1354 1508 1408 locutus
1524 1356 1559 1409 sit
1577 1355 1611 1408 ad
1633 1357 1757 1424 populum
1778 1354 1970 1419 christianum,
1986 1363 2015 1411 et
2028 1357 2054 1411 id

1260 1425 1330 1492 qttod
1346 1425 1459 1478 mesrdart
1474 1423 1634 1479 obtrectatio
1646 1425 1812 1494 ineptissime
1828 1425 1923 1491 linxit,
1940 1425 2054 1481 luorrtte·

1260 1493 1309 1553 rit,
1326 1493 1366 1562 pia
1379 1503 1467 1546 lantett
1482 1495 1668 1561 constantique
1681 1495 1801 1549 doctrina
1813 1494 1979 1550 abundanter
1993 1511 2056 1566 pro·

1259 1560 2054 1633 bavit,prndicandamesseEcclesiaeetprndestinationem,

1259 1634 1285 1685 lu
1299 1648 1350 1700 quta
1364 1641 1404 1687 est
1418 1635 1509 1702 gratia
1523 1635 1698 1702 praeparatum
1714 1634 1885 1704 engratiam,
1902 1635 1928 1689 in
1943 1649 1995 1703 qiua
2011 1644 2054 1691 cst

1260 1702 1498 1769 predestinationis
1517 1703 1644 1768 ellectns;
1657 1715 1684 1758 ot
1702 1705 1896 1773 prescientiam
1918 1704 1984 1769 oei,
1999 1720 2051 1774 ests

1258 1781 1321 1826 aitte
1335 1775 1432 1827 saecula
1446 1781 1545 1826 eterna
1560 1774 1655 1839 nutibus
1667 1783 1741 1829 esset
1754 1774 1899 1829 collaturus
1912 1787 1960 1829 sua
1980 1773 2051 1829 dona

1260 1842 1401 1909 praescivit.
1417 1843 1499 1907 Curitis
1511 1844 1706 1912 predicatimris
1719 1845 1839 1914 qrtisquis
1852 1851 1895 1898 est
1907 1842 2048 1914 impugne-

1259 1920 1311 1975 tor,
1323 1913 1506 1980 apertissimus
1515 1922 1557 1967 est
1568 1913 1715 1982 Pelagiann
1727 1915 1851 1968 elationis
1865 1913 1979 1982 sdjtttor.
1995 1913 2053 1973 iios

1258 1990 1345 2034 atatem
1361 1983 1430 2051 qtrtrtl
1445 1983 1470 2034 in
1485 1984 1538 2037 tine
1551 1983 1694 2052 posuistis,
1708 1984 1839 2050 superiori
1853 1983 1971 2052 capitulo
1983 2023 1991 2046 ,
2005 1982 2052 2040 ubi

1258 2048 1398 2120 Tyriorum
1412 2060 1439 2105 ct
1451 2051 1621 2106 Sidoniorum
1638 2053 1737 2107 mentio
1749 2053 1816 2107 lucta
1830 2061 1886 2114 est,
1902 2053 1993 2108 delusit
2005 2066 2053 2108 eo·

1259 2120 1342 2188 pulcri
1355 2137 1361 2173 :
1373 2122 1433 2191 quia
1447 2122 1526 2175 etiam
1539 2123 1564 2176 in
1574 2121 1634 2175 libri
1646 2136 1768 2193 corpore,
1781 2124 1868 2177 eidem
1881 2123 2053 2190 catuserias

1258 2191 1412 2260 cuiusquam
1434 2191 1547 2246 diversae
1566 2191 1752 2261 disputationis
1770 2192 1972 2260 interiectione,
1987 2207 2048 2259 eom

1258 2273 1356 2313 nexum
1375 2271 1426 2315 est.
1443 2261 1518 2317 Unde
1536 2273 1564 2316 et
1576 2263 1714 2331 responsio
1726 2303 1734 2324 ,
1748 2279 1827 2332 quam
1841 2263 2055 2331 praecedentibus

1257 2329 1382 2393 subdidi,
1401 2340 1489 2400 potest
1509 2331 1590 2385 etism
1615 2332 1648 2385 ad
1673 2333 1722 2385 ista
1743 2331 1887 2386 subicere:
1905 2333 1930 2385 in
1953 2331 2051 2401 quibus

1257 2398 1331 2452 nulla
1350 2409 1392 2453 est
1410 2400 1577 2464 obscuritas,
1600 2400 1671 2455 side
1690 2401 1743 2455 ilde
1765 2400 2005 2468 predestinationis
2024 2410 2053 2456 et

418 2468 511 2523 doctor
524 2468 671 2523 rectissime
686 2468 722 2521 ait
734 2485 742 2522 ι
754 2466 841 2522 Dolori
853 2467 985 2521 sutemrel
996 2466 1105 2535 imperite
1116 2466 1206 2521 medici
1257 2467 1351 2537 gratiae
1366 2469 1412 2523 Dei
1423 2509 1431 2532 ,
1444 2485 1476 2526 ex
1490 2484 1542 2540 qua
1556 2478 1598 2524 est
1618 2469 1737 2525 omilium
1752 2470 1881 2525 bonorum
1902 2470 1942 2524 ori
1960 2484 2052 2541 oper·

418 2547 464 2600 est,
479 2539 554 2590 etium
567 2539 628 2592 utile
642 2538 849 2591 predicamentum
868 2536 1039 2606 sicoltipore,
1055 2546 1082 2589 ut
1096 2546 1141 2590 ortt
1154 2552 1205 2591 nor
1257 2539 1464 2610 severantiaquc
1479 2539 1634 2595 meritorum
1647 2580 1656 2605 ,
1670 2539 1721 2595 boc
1736 2549 1919 2609 teutmundo
1971 2540 2052 2597 nato

417 2609 558 2677 prusinum
570 2606 732 2678 obsit(lbid.,
745 2625 771 2661 n.
784 2607 843 2679 st).
857 2606 995 2661 Etiterum
1005 2605 1040 2662 de
1052 2606 1131 2660 simili
1144 2606 1204 2661 inc·
1257 2607 1368 2663 veritas.
1920 2619 1927 2627 ·

932 2812 1213 2887 resosonat
1250 2812 1521 2900 nentrum
1596 2759 1602 2769 ¹

641 2955 711 3039 IN
752 2952 1161 3039 AUGUSTINI
1211 2951 1830 3042 OBTRECTATOREM

1105 3085 1359 3151 strennuum.

1085 3217 1375 3278 emonem

1261 3349 1318 3400 Quae
1329 3350 1444 3406 wocepta
1455 3343 1531 3404 ieret,
1542 3353 1651 3407 promat3
1662 3359 1717 3409 quae
1729 3348 1839 3407 penituit,
1852 3347 1908 3399 edat
1919 3363 1927 3398 :

1293 3409 1340 3451 seu
1352 3410 1439 3453 vetere
1448 3413 1553 3453 armatur
1561 3407 1683 3468 deginate,
1695 3408 1748 3456 sire
1760 3421 1830 3458 novo.

1262 3467 1287 3509 tn
1298 3476 1464 3527 qttoscumque
1474 3467 1541 3515 sinus
1552 3469 1671 3526 spirarum
1683 3475 1795 3529 tonrueat
1805 3470 1888 3527 orbes,

1294 3529 1320 3573 ιι
1328 3523 1399 3573 lailax
1411 3526 1485 3575 iutuitu
1503 3534 1617 3589 molend
1629 3536 1683 3578 arte
1693 3541 1729 3589 eat
1738 3537 1781 3589 ut;

1262 3589 1403 3634 currentem
1414 3595 1509 3636 attritos
1516 3601 1591 3650 super
1601 3591 1697 3650 aspidas
1705 3597 1731 3639 et
1739 3589 1862 3641 badliscos

1292 3645 1419 3697 beeliuare
1426 3661 1513 3698 senem
1523 3649 1606 3712 uipera
1617 3663 1665 3700 non
1677 3653 1774 3713 poterit.

410 3350 494 3392 conns
509 3341 665 3404 logustinmn
683 3345 795 3388 namatus
805 3348 846 3386 ser
864 3348 908 3386 ere
919 3334 1017 3399 quidam

442 3404 553 3465 scriptor,
565 3414 638 3464 quiem
649 3400 739 3448 dudum
750 3399 812 3447 livor
857 3396 918 3447 ussit
927 3396 1007 3446 edan

410 3467 455 3524 pust
466 3470 537 3526 eaput
544 3462 652 3512 otsscuris
663 3466 800 3510 contectum
816 3467 948 3520 utcumque
958 3468 1080 3519 sasernis,

442 3520 623 3574 'tollere'bumo
635 3524 750 3571 ntisernm
762 3518 868 3583 perpulit
878 3518 1044 3582 ungmeulum.

412 3594 456 3635 not
466 3586 531 3635 nune
541 3585 611 3646 tenue
619 3596 663 3632 sua
675 3583 782 3645 aequmoi
801 3594 892 3644 revere
903 3582 1005 3630 brimnm
1017 3579 1064 3642 (a),

442 3655 486 3696 eut
496 3647 552 3697 tuate
562 3654 680 3708 campano
690 3645 799 3707 gratuitae
810 3642 882 3692 corda
895 3649 989 3692 tument
999 3641 1045 3705 (b).

772 3766 805 3809 lli
827 3765 981 3819 tumbert,
999 3765 1063 3808 AUT
1085 3763 1185 3808 siluit
1205 3763 1374 3817 bussetum
1395 3767 1682 3817 OBTRECTATOREM.

410 3873 509 3934 Quidam
519 3871 649 3934 doctiloqui
658 3870 733 3920 libros
743 3872 811 3921 senis
823 3878 837 3917 s
889 3870 945 3919 stini
1257 3880 1340 3983 onum
1351 3884 1366 3921 c
1376 3872 1451 3924 doces
1459 3881 1575 3936 minutum
1587 3874 1667 3927 valeat
1677 3889 1748 3926 mens
1759 3876 1845 3937 libera,
1856 3886 1976 3930 moneres

442 3943 555 3997 cernere,
569 3934 729 3983 etadccrsum
741 3933 848 3981 condere
866 3932 936 3980 ¹cetur
947 3942 1015 3991 opus.
1290 3944 1305 3981 ι’

411 3996 587 4059 t'squeadeone
597 3995 687 4044 bonrum
697 3995 831 4055 ingenium,
843 3999 870 4041 et
880 3991 988 4042 facundia
999 3992 1068 4040 dives

442 4063 569 4107 ostentare
580 4063 657 4104 artem
666 4067 713 4102 non
724 4053 795 4103 aliter
804 4055 888 4126 protttit²

412 4127 436 4167 tn
445 4129 507 4167 nora
518 4123 649 4180 prostratas
656 4116 722 4164 acies
733 4116 778 4164 nisi
790 4113 855 4164 bella
865 4121 952 4172 ctcret,

443 4180 564 4242 tmpieqoe
577 4178 703 4226 exstinctis
714 4177 824 4225 hostibus
834 4188 898 4224 arma
910 4173 999 4224 daret?

411 4248 466 4290 ttae
475 4255 481 4303 ι
489 4253 563 4301 uersa,
574 4240 692 4296 incertum,
700 4249 766 4286 mors
777 4244 861 4286 esttua
872 4251 878 4297 ;
889 4244 915 4286 te
925 4234 995 4285 stilus
1005 4235 1051 4286 iste

442 4300 547 4361 coubdt,
559 4307 586 4350 et
594 4300 676 4350 temris
688 4298 798 4360 protuleris
808 4300 861 4360 ipse
874 4300 930 4347 tuis.

445 4406 482 4470 (n)
499 4406 610 4470 Petamus
621 4405 692 4455 brito.
709 4429 740 4439 -
759 4401 795 4466 (b)
812 4399 898 4452 tuliani
909 4413 923 4451 a
933 4399 1068 4463 campania.

950 4560 1511 4810 tesseliis.

1137 4879 1338 4913 m

1343 3948 1357 3983 e
1369 3941 1435 3984 tuum
1445 3937 1539 3986 tibimet
1551 3937 1665 3988 sullieere
1677 3945 1703 3988 ut
1715 3954 1721 4000 ι
1731 3952 1811 3989 ereas.

1259 4004 1332 4056 verte
1343 3997 1453 4059 gmrlturn,
1466 3998 1490 4045 iu
1510 4000 1679 4061 epomidem,
1690 4008 1828 4065 struesque
1840 3999 1951 4052 rebelles

1289 4059 1341 4108 oris
1350 4058 1473 4121 apostolici
1494 4059 1586 4108 uluuinc
1598 4061 1690 4123 ubique
1707 4062 1771 4111 risle.

1257 4127 1306 4169 tice
1317 4126 1342 4170 le
1355 4127 1446 4169 orento
1455 4120 1553 4169 delendi
1567 4123 1663 4170 immine
1675 4124 1779 4172 melas:

1289 4182 1312 4229 si
1321 4189 1443 4244 pastorem
1453 4182 1534 4231 orium
1546 4179 1638 4231 ledere
1650 4183 1696 4241 ris,
1706 4181 1777 4244 lupos
1789 4194 1825 4232 es

448 4987 600 5046 Sententiae
613 4987 639 5040 in
653 4984 731 5040 editis
750 4982 886 5038 codicibus
907 4988 1038 5034 trecentas
1053 4988 1079 5034 et
1099 4976 1242 5046 nonaginta
1255 4973 1450 5043 complectitur.
1466 4970 1573 5026 Priores
1594 4970 1701 5041 triginta
1716 4981 1836 5040 septem,
1850 4971 1963 5043 elinque
1973 4973 2047 5029 iuter

413 5083 605 5150 subsequentes
618 5088 770 5148 perpauete,
783 5072 917 5142 decerpta
937 5077 999 5124 sunt
1011 5085 1044 5124 es
1065 5068 1149 5139 ipsius
1163 5065 1287 5134 Prospcri
1302 5061 1507 5119 Commentariis
1522 5061 1548 5116 in
1562 5061 1684 5116 Psalunos
1696 5080 1703 5115 ε
1715 5073 1820 5117 caeterae
1833 5073 1923 5118 atamen
1936 5079 1969 5119 es
1984 5078 2052 5134 ope·

413 5170 486 5224 ribus
501 5164 658 5237 Augustius&
674 5163 749 5231 eujns
762 5162 847 5217 saticti
862 5160 985 5214 Doctoris
997 5173 1057 5214 cum
1071 5158 1152 5212 verba
1166 5169 1355 5223 nonnunquam
1372 5161 1470 5207 mutata
1485 5167 1545 5207 esse
1561 5152 1804 5222 deprehendamus,
1821 5169 1881 5208 carn
1898 5154 1932 5208 ob
1944 5168 2052 5208 eausam

413 5261 543 5329 optimum
559 5257 628 5312 iactu
641 5255 802 5324 iudicamus,
816 5252 838 5307 si
851 5265 1007 5306 moneamus
1021 5258 1049 5303 ut
1063 5247 1238 5318 inspiciantur
1251 5261 1281 5300 ea
1296 5245 1305 5300 l
1317 5261 1367 5309 ca,
1383 5259 1398 5299 c
1413 5244 1510 5313 ortibus
1523 5259 1598 5298 nsciis
1611 5245 1752 5313 Augustini
1772 5244 1855 5313 magis
1870 5251 1911 5299 cst
1924 5259 2051 5314 expressa

413 5369 493 5424 quam
508 5350 599 5406 dictio.
617 5345 646 5403 tt
663 5362 727 5401 uero
741 5353 918 5415 prestamus,
935 5342 1011 5410 bujtts
1022 5341 1129 5412 generis
1143 5339 1283 5394 sentotrtiis
1296 5337 1446 5404 subscripto
1460 5336 1561 5398 uerbo,
1577 5336 1654 5391 Vide.
1666 5336 1835 5391 Callicritum
1849 5337 1931 5393 code,
1945 5348 2053 5396 noum,

412 5446 466 5501 395
480 5442 561 5514 (qnod
576 5454 657 5494 uriom
671 5439 748 5493 istius
762 5436 821 5491 libri
836 5435 972 5503 cnentplar
987 5447 1067 5487 suarm
1076 5432 1203 5500 scriptum
1218 5430 1338 5500 reperire
1351 5428 1428 5482 nobis
1440 5428 1523 5492 licuit,
1540 5441 1589 5481 nec
1602 5427 1688 5495 tpnun
1701 5426 1844 5482 atlruotlunt
1860 5433 1948 5498 vetus)
1962 5471 1970 5493 ,
1986 5444 2051 5484 sen·

414 5535 514 5592 tentiae
525 5531 691 5603 septuaginta
706 5544 767 5593 sex,
783 5543 835 5582 non
850 5526 951 5596 plures,
965 5531 1154 5594 reprensentau
1170 5522 1270 5576 scilieet
1286 5519 1433 5574 octodecim
1448 5519 1557 5588 primas,
1573 5525 1610 5581 et,
1627 5518 1726 5571 omissa
1741 5517 1844 5573 decima
1860 5535 1941 5583 nona,
1954 5520 2053 5588 vigeni.

413 5642 493 5691 mam,
510 5623 665 5695 vigesimam
681 5620 805 5690 primam,
820 5617 925 5673 elalius
938 5631 970 5671 ex
984 5613 1203 5683 subsequentium
1214 5612 1424 5675 serioselccms3
1438 5626 1497 5664 curn
1521 5610 1603 5664 hacce
1621 5609 1654 5663 ad
1669 5609 1726 5664 illas
1737 5613 1838 5680 pneris
1851 5611 2050 5667 ainonensis.

416 5719 526 5791 Prosper
539 5717 585 5771 iste
598 5713 755 5785 Equitoneos
769 5712 816 5782 suit
830 5708 976 5764 Toionmsis
988 5705 1058 5773 ciuis,
1074 5705 1117 5775 tpd
1127 5704 1220 5759 relictis
1233 5702 1305 5757 rebtts
1317 5701 1489 5764 secularibus,
1504 5699 1538 5753 od
1547 5700 1632 5753 diuino
1644 5717 1672 5755 se
1683 5702 1786 5755 omnino
1796 5703 1897 5772 nepesin
1907 5701 2050 5767 transtulit,

413 5820 436 5866 et
450 5808 571 5878 cumdum
584 5821 616 5861 ea
636 5803 702 5858 beati
717 5800 851 5872 Augustini
864 5797 992 5854 sententiis
1010 5812 1131 5866 carpens,
1147 5794 1222 5849 isturn
1245 5794 1337 5849 librum
1358 5794 1517 5883 conuposut't,
1532 5800 1583 5846 cte.
1601 5791 1693 5847 Pinaros
1712 5809 1744 5849 cx
1761 5792 1810 5847 lue
1825 5792 1892 5847 libro
1910 5795 2051 5849 sententias

413 5904 483 5958 inter
495 5896 650 5955 Arausimni
671 5893 782 5950 secundi
807 5890 912 5946 concilii
935 5901 1053 5943 materies
1072 5886 1162 5941 relatas
1176 5895 1257 5950 sutut;
1273 5894 1299 5939 et
1321 5886 1457 5954 pret-nmine
1479 5885 1531 5939 sub
1550 5883 1658 5940 nonuiue
1676 5884 1799 5953 Prosperi
1813 5883 1929 5939 citutttur
1942 5899 1957 5938 a
1971 5882 2052 5941 Floro

416 6010 463 6052 reu
476 5994 546 6050 Beda
560 5985 667 6064 litigato
689 5993 714 6047 iu
734 5988 856 6044 Paoltnu.
872 5981 1037 6050 Quibusdam
1055 5980 1136 6036 etiam
1155 5993 1188 6034 ex
1209 5980 1250 6032 bis
1269 5979 1410 6032 senmmiis
1433 5994 1497 6033 tusus
1515 5990 1556 6034 est
1573 5981 1616 6035 ille
1632 6022 1638 6046 ,
1653 5981 1697 6050 «μή
1710 5978 1867 6052 zephyrini,
1881 5978 1981 6035 Callisti
1994 5976 2005 6035 Ι
2020 5986 2048 6032 et

416 6088 528 6143 atuorum
542 6084 722 6140 Portenomm
738 6077 893 6136 Pontificum
909 6074 1058 6129 decretales
1072 6071 1198 6167 episteiss
1211 6078 1330 6127 connum.
