4900 6892
464 679 532 735 tttt

465 791 593 854 laeditur,
607 799 634 845 ct
647 787 702 842 rita
723 785 860 840 leontinum
876 783 1001 838 uirtutum
1025 780 1096 836 illins
1115 778 1262 832 inritatione

465 882 597 953 dirigitur.
612 883 649 935 lle
662 880 703 934 iris
717 877 821 933 duobus
836 893 890 933 narn
910 883 998 946 potest
1013 874 1128 929 alterum
1150 870 1207 926 sinc
1221 870 1262 924 ai-

466 975 551 1032 tarius
561 973 673 1027 veritate
687 969 791 1025 laudari
803 987 810 1023 ;
823 979 924 1024 tantum
939 966 1025 1022 aderit
1036 963 1172 1035 dignitatis
1184 961 1260 1032 operi

465 1077 553 1126 sacra,
568 1071 695 1150 quantum
713 1061 821 1114 lnrmnni
835 1059 955 1128 corporis
969 1056 1084 1112 adiuerit
1098 1054 1221 1117 ueritati;
1236 1061 1264 1107 et

467 1163 570 1207 tantum
589 1151 677 1205 aderit
696 1150 844 1206 defensioni
864 1147 952 1202 carnis
965 1189 972 1213 ,
987 1156 1115 1217 quantum
1135 1144 1263 1199 satietitas

466 1243 679 1301 corrvcrsationis
692 1243 820 1312 exegerit
833 1243 919 1310 Atque
935 1255 949 1294 e
962 1240 1089 1309 regione,
1103 1235 1263 1307 ritrrpcratio

466 1335 544 1395 rrnins
568 1336 673 1405 utrique
695 1334 855 1404 participat:
871 1332 996 1401 qnoniam
1018 1339 1119 1393 tantnm
1135 1329 1168 1382 de
1181 1329 1264 1380 rietat-

466 1425 537 1480 tilitas
554 1424 628 1492 ejus,
654 1431 780 1491 quarrtntn
801 1420 835 1476 de
859 1420 969 1489 artubus
988 1419 997 1451 ¹
1019 1417 1220 1481 interamnae
1239 1414 1263 1467 si

466 1517 528 1587 quial
541 1515 575 1570 du
592 1515 750 1570 substantia·
768 1513 854 1567 solido
876 1511 1000 1575 radatur,
1016 1509 1139 1563 rnriucrsa
1158 1521 1263 1561 morunt

465 1588 625 1663 ornamenta
648 1607 810 1676 depereunt,
830 1614 909 1674 atquc
932 1598 1117 1657 adulterantis
1138 1598 1263 1668 injuriam

465 1707 607 1756 recurrunt
629 1699 726 1754 damna
747 1698 902 1752 nascentis:
917 1706 1053 1765 qrmtrcmo
1069 1693 1091 1747 si
1104 1692 1192 1746 earnis
1205 1691 1264 1760 ejns

465 1788 613 1846 substantia
636 1789 723 1860 aliqua
751 1788 908 1842 naturalium
937 1785 1075 1854 ereptione
1094 1783 1261 1845 'tannetum

465 1882 590 1939 utrirersa
613 1881 748 1936 euanescit
769 1893 865 1948 pompa
891 1878 1028 1931 virtutum.
1055 1873 1125 1928 b'ilril
1148 1886 1213 1941 crgo
1236 1871 1263 1926 in

467 1972 597 2027 arrembris
617 1970 772 2027 blediatoris
786 1970 846 2023 iacti
860 1983 894 2024 ex
910 1965 1039 2032 rtrnliere,
1055 1963 1125 2032 qnod
1143 1963 1263 2016 naturale

465 2069 590 2126 constat,
607 2060 719 2131 negabo.
741 2060 775 2115 Et
787 2058 846 2113 ride
867 2074 945 2128 qnam
961 2055 1059 2111 diuersi
1078 2055 1132 2109 sint
1152 2052 1264 2107 rationis

467 2152 594 2215 termini,
618 2165 697 2221 quarn
721 2150 850 2219 pudoris:
867 2163 920 2201 iton
944 2145 1077 2201 erubescit
1098 2143 1163 2199 tides
1183 2143 1262 2198 Citri-

465 2238 634 2309 stiancrum,
647 2240 737 2296 diacre
749 2240 885 2294 Christum
900 2237 1025 2293 babuisse
1037 2235 1161 2306 genitalia
1175 2250 1182 2299 ;
1198 2249 1262 2289 euna

467 2343 556 2388 nmen
577 2348 609 2389 ea
633 2334 658 2389 in
680 2331 776 2399 nobis,
798 2344 877 2402 quam
898 2328 1087 2384 honestissime
1102 2340 1262 2396 possumus,

467 2425 633 2484 occulamus.

499 2516 568 2572 Aua.
582 2514 640 2571 Nan
663 2513 771 2585 quidem
794 2512 928 2569 ambascit
950 2508 1261 2574 bdestristiancrnm,

463 2606 554 2673 dicare
572 2606 707 2662 Christum
730 2605 856 2661 babuisse
867 2603 991 2673 genitalia
1017 2618 1024 2656 r
1044 2599 1091 2656 sed
1118 2610 1146 2655 tu
1166 2599 1264 2654 erube·

463 2710 542 2753 acere
555 2696 686 2764 debuisti,
702 2697 742 2751 uel
753 2695 840 2765 potius
854 2691 1076 2755 contremiscere,
1092 2705 1126 2744 ne
1137 2687 1262 2744 diceres⁸

462 2787 563 2846 Christi
581 2787 708 2858 genitalia
735 2785 893 2855 anquando,
919 2792 949 2839 et
973 2783 1081 2838 nolente
1107 2782 1165 2851 ipsc
1197 2782 1262 2850 (nait

462 2879 535 2936 enim
548 2879 599 2934 irae
614 2892 730 2948 unquam
751 2876 821 2931 uelle
834 2874 971 2931 debuisset
985 2874 1031 2944 qul
1046 2873 1126 2927 ritum
1137 2871 1262 2927 catinam

463 2965 570 3042 eluxit),
593 2978 683 3024 tamen
704 2966 814 3023 libidine
837 2963 919 3019 luisse
940 2972 1091 3026 caminata,
1112 2969 1140 3015 ct
1154 2961 1179 3015 in
1192 2974 1262 3016 tamt-

466 3059 556 3115 nulius
580 3059 686 3114 illicitos
700 3071 765 3112 usus
779 3063 871 3110 contra
885 3053 943 3123 ejus
961 3060 1082 3107 sanctum
1097 3051 1262 3122 propositum

463 3162 496 3206 sc
509 3147 581 3202 iilam
599 3157 702 3216 partem
720 3145 805 3202 sancti
819 3147 878 3215 cius
894 3143 1014 3214 carparis
1028 3145 1156 3198 erexisse.
1170 3141 1262 3196 Talem

463 3239 563 3309 qnippe
583 3238 720 3293 libidinem
741 3236 839 3306 patitur
852 3233 933 3291 etiam
946 3249 1027 3289 omne
1047 3247 1132 3304 genus
1153 3239 1262 3288 sarrctc-

462 3342 543 3395 auin,
565 3327 673 3398 qrralcm
691 3327 789 3383 Sancto
811 3332 964 3382 sasimorum
983 3322 1089 3379 conaris
1110 3322 1217 3378 biferae.
1230 3316 1261 3374 Si

456 3417 776 3490 scapularumque
791 3418 850 3487 ipso
876 3417 959 3471 inrito
976 3414 1139 3472 commereri
1155 3421 1183 3467 et
1195 3411 1262 3483 erigi

464 3512 571 3572 aclere⁸
584 3511 704 3577 libidine,
712 3511 856 3572 nonsrrdcs
864 3509 971 3573 dicerc;
984 3522 1033 3562 cur
1045 3506 1128 3562 audes
1138 3504 1260 3575 credere,

802 669 923 728 crenis
939 665 1145 724 {strennuum
1165 660 1303 719 clostat
1324 661 1507 724 ttinltxtttt.
1526 664 1555 721 S.
1575 662 1762 722 accusatri-

2037 670 2107 727 im

1316 789 1330 828 a
1345 776 1397 831 nite
1410 777 1590 833 recedentium
1605 780 1868 849 praevaricationem,
1882 794 1942 852 qua
1955 780 1983 837 in
1997 795 2106 840 natura·

1317 865 1350 920 lis
1364 868 1426 922 mall
1441 870 1626 936 predicatione
1644 880 1672 926 et
1692 875 1718 928 in
1740 873 1938 929 commixtionis
1960 879 2117 947 coniugatis

1315 956 1486 1013 damnatione
1503 962 1642 1026 consistit,
1655 972 1683 1017 et
1694 964 1837 1030 apmtotm
1850 965 1973 1033 prmrlrlit
1987 979 2013 1022 ot
2029 973 2112 1039 puni·

1315 1051 1369 1116 rit,
1385 1066 1437 1106 non
1451 1046 1537 1107 salum
1559 1055 1621 1124 quid
1641 1056 1789 1122 diceretur,
1810 1059 1954 1115 sedetiam
1970 1063 2035 1132 qnid
2047 1079 2119 1119 mn—

1315 1152 1473 1213 sequeretnr
1487 1147 1640 1202 ostendens.

1351 1236 1418 1290 Aac.
1432 1237 1466 1290 Et
1478 1246 1565 1291 tamen
1582 1249 1626 1305 tu,
1645 1239 1689 1309 qui
1709 1255 1761 1295 non
1774 1249 1850 1311 potes
1862 1243 1915 1299 nisi
1935 1255 2045 1302 ructmc
2066 1261 2176 1302 ca·—

1316 1326 1446 1395 lunmins,
1473 1340 1502 1385 et
1528 1347 1636 1387 uomere
1659 1334 1849 1402 contrnnelias,
1871 1337 1962 1392 uerbis
1983 1337 2106 1396 catholici

1316 1415 1432 1472 bominis
1446 1420 1512 1488 Dei,
1526 1437 1605 1492 quem
1625 1422 1799 1478 llarricbaeum
1821 1441 1874 1479 non
1898 1435 1975 1496 pates
1995 1427 2105 1496 dicere,

1314 1523 1368 1564 non
1390 1524 1470 1568 ausus
1484 1527 1513 1566 es
1527 1513 1728 1580 contradicere,
1744 1514 1898 1571 suffocantis
1910 1525 1953 1584 te,
1969 1529 2053 1588 atquc
2066 1521 2104 1576 di·

1315 1603 1416 1666 centis,
1432 1619 1465 1657 ex
1488 1605 1679 1660 conimixtione
1702 1606 1783 1660 maris
1804 1615 1832 1662 et
1855 1607 1961 1663 icaunae
1974 1609 2107 1666 nascier·

1314 1699 1418 1761 pertern
1429 1691 1519 1748 delicti
1533 1696 1667 1750 neminem
1680 1709 1759 1764 posse
1770 1694 1936 1768 (Ambrosius,
1947 1700 1976 1752 in
1990 1699 2106 1772 leuium).

1314 1780 1433 1851 Namque
1448 1783 1497 1837 ista
1512 1784 1592 1838 rerba
1607 1784 1665 1854 elus
1686 1791 1716 1840 ct
1735 1785 1761 1840 in
1774 1785 1861 1855 primo
1874 1786 1908 1842 ad
1922 1787 2062 1844 Valerium
2073 1790 2106 1845 li·

1314 1871 1364 1927 bro
1385 1874 1606 1941 commemoraui,
1622 1890 1701 1945 qucm
1725 1876 1800 1931 libris
1812 1887 1926 1947 quatuor
1947 1879 2108 1950 redarguere

1314 1972 1444 2028 conatus,
1470 1964 1613 2035 quidquam
1637 1966 1699 2021 inde
1722 1967 1855 2038 attingere
1876 1969 2010 2036 timuisti;
2034 1981 2062 2024 et
2080 1972 2104 2025 in

1315 2052 1383 2120 lato,
1397 2054 1441 2110 cui
1461 2069 1532 2110 nunc
1549 2057 1713 2127 respondes,
1727 2058 1821 2112 eadem
1836 2059 1892 2128 ipsa
1907 2072 1961 2114 nan
1972 2060 2043 2116 tactu
2057 2061 2108 2129 (Dc

1315 2142 1421 2214 Nuptiis
1441 2153 1464 2200 ct
1483 2144 1706 2218 Concupiscentia,
1729 2147 1772 2202 lib.
1788 2148 1820 2211 1,
1846 2164 1875 2203 n.
1888 2147 1939 2216 tu,
1962 2159 1988 2205 et
2006 2151 2052 2205 lii.
2070 2151 2107 2219 2,

1314 2253 1358 2290 nn.
1373 2237 1425 2302 11,
1443 2237 1505 2306 15),
1518 2247 1545 2293 et
1559 2237 1687 2292 adsersus
1702 2238 1746 2292 illa
1758 2238 1846 2293 adhuc
1859 2248 1967 2305 mutus,
1986 2245 2109 2312 quanvis

1314 2326 1373 2395 ejus
1386 2326 1494 2382 nomine
1507 2329 1602 2392 tacito,
1625 2328 1668 2383 cui
1683 2328 1819 2384 adversari
1834 2329 1921 2400 palam
1936 2345 1993 2386 uon
2005 2332 2107 2397 ιιιιιι,

1314 2415 1385 2480 butte
1398 2417 1424 2471 in
1436 2433 1480 2473 rna
1490 2434 1543 2472 nnn
1554 2418 1651 2474 metuis
1663 2419 1812 2475 criminari.

1349 2508 1416 2563 Lt't.
1429 2507 1488 2565 lua.
1502 2508 1569 2565 Nam
1583 2509 1635 2567 troc
1646 2511 1717 2581 quod
1729 2511 1783 2577 ait,
1800 2512 1934 2568 abstinere
1945 2526 1962 2569 a
1974 2514 2043 2569 cibis
2053 2514 2104 2570 da·

1314 2598 1427 2654 cendum
1450 2599 1524 2667 iore,
1548 2614 1601 2654 non
1622 2601 1713 2671 ntique
1738 2602 1809 2671 apud
1831 2603 1991 2672 prudentem
2017 2607 2105 2676 argait

1313 2687 1525 2745 Cln‘istiancrum
1550 2691 1724 2761 parcitatem,
1739 2703 1786 2747 aut
1801 2693 1939 2750 denuntiat
1955 2697 2105 2767 pcaeeeai·

1313 2785 1385 2834 stere
1400 2780 1522 2835 homines
1545 2782 1590 2852 qui
1610 2781 1706 2838 inediae
1719 2783 1864 2840 discrimen
1883 2786 2005 2842 indicant
2028 2803 2037 2842 :
2059 2789 2106 2844 aad

1310 2869 1440 2938 cstetrdit,
1454 2872 1579 2940 quoniam
1591 2886 1652 2928 cum
1667 2872 1847 2943 exorirentur,
1859 2876 1905 2946 qui
1915 2875 2036 2932 dicerent
2047 2878 2105 2933 aral·

1314 2961 1392 3019 naalia
1405 2963 1494 3017 cunina
1514 2963 1654 3019 rictibusa
1670 2964 1725 3019 beo
1744 2977 1833 3021 creata
1854 2967 2025 3034 mortalium,
2046 2969 2109 3041 qia

1312 3048 1348 3105 de
1359 3051 1572 3120 coucupiscentia
1585 3061 1612 3108 et
1624 3054 1814 3110 commixtione
1824 3068 1905 3111 sexus
1915 3066 2107 3128 ιιιοειαιιιιι,

1313 3138 1445 3195 diabolico
1456 3140 1527 3197 malo
1549 3156 1609 3198 esse
1624 3142 1737 3212 polluta,
1752 3144 1817 3216 quid
1835 3155 2050 3216 mmmmm
2058 3164 2109 3206 aa·

1313 3232 1426 3302 pressit,
1447 3233 1573 3290 videlicet
1596 3236 1803 3292 renuntiandum
1823 3252 1884 3294 esse
1907 3239 2064 3308 alistrentis,
2080 3243 2109 3299 si

1312 3337 1406 3381 corum
1430 3329 1583 3398 propagatio
1598 3328 1728 3384 diabolica
1751 3329 1915 3389 mederetur.
1937 3331 2017 3390 iittde
2030 3344 2061 3391 et
2082 3346 2110 3392 tu

1313 3413 1383 3471 banc
1403 3416 1601 3474 internetionem
1615 3419 1813 3476 commixtionis
1833 3434 1977 3492 carporum
1996 3423 2033 3479 ab
2052 3426 2111 3480 ani·

1313 3506 1426 3562 malibus
1445 3520 1587 3573 remores,
1609 3515 1639 3563 ut
1660 3509 1787 3565 subsistat
1798 3511 1868 3566 ratio
1882 3512 2038 3569 simulandi.
2054 3515 2111 3571 lic·

463 3603 572 3669 rnt'elia,
597 3618 646 3658 ear
670 3602 753 3658 andes
775 3601 855 3656 talem
879 3599 1016 3654 libidinem
1040 3607 1141 3654 naturae
1163 3595 1262 3652 Christi
1312 3597 1400 3652 mines
1410 3598 1555 3668 tamcnqui
1568 3598 1602 3653 ad
1616 3598 1758 3670 imaginem
1769 3602 1817 3657 bei
1831 3601 1894 3658 iacti
1907 3613 2111 3678 sunm-propter

464 3696 599 3762 tribuere,
624 3702 652 3749 ut
664 3692 736 3764 quod
755 3706 809 3748 non
824 3691 908 3747 audes
928 3691 1036 3758 dicore,
1050 3688 1196 3758 compellas
1211 3688 1263 3744 lta·
1305 3684 1383 3745 banc
1406 3687 1491 3756 ipsam
1512 3690 1756 3759 concupiscentiam
1767 3695 1968 3763 generantium,
1991 3696 2062 3752 dieis
2076 3699 2110 3755 ad

464 3788 551 3844 „pines
564 3786 702 3858 cogitaret
1310 3778 1355 3848 jus
1365 3779 1494 3835 daemonis
1506 3781 1649 3852 pertinere.
1665 3783 1752 3840 Ambo
1764 3785 1854 3857 igitur,
1866 3794 1893 3842 tu
1906 3796 1934 3844 et
1946 3789 2111 3846 tlanieboens

500 3879 555 3948 bil.
569 3878 628 3944 lua.
643 3877 681 3932 lta
695 3884 787 3934 natura
801 3873 962 3945 praescripsit
978 3886 1038 3928 csse
1050 3871 1171 3941 quadam
1182 3911 1189 3935 ,
1202 3883 1262 3941 quae
1312 3885 1393 3926 utram
1408 3870 1512 3927 babetis
1524 3887 1631 3928 causam
1644 3875 1854 3931 substantiarmn
1869 3878 2110 3948 vituperandarum

465 3978 496 4025 ut
507 3969 591 4036 ratio,
606 3968 641 4023 im
656 3967 722 4024 fides
733 3982 792 4022 eum
809 3965 936 4035 religione
950 3963 1116 4033 pronuntiet,
1132 3974 1159 4017 et
1172 3971 1261 4017 tamen
1312 3971 1341 4019 et
1362 3964 1621 4019 transcribendarum
1642 3967 1749 4021 diabolo
1768 3968 1837 4023 :sed
1856 3969 1902 4025 ille
1914 3981 2025 4041 propter
2039 3972 2111 4028 trane

465 4059 551 4129 purim
564 4066 591 4114 ct
602 4058 726 4115 decentia
736 4055 947 4120 conuersationis
959 4053 1043 4108 oculis
1057 4067 1110 4107 nan
1125 4052 1263 4123 permittat
1312 4053 1480 4110 affectionem
1499 4069 1560 4126 quae
1573 4056 1686 4111 sentitur
1697 4058 1724 4112 in
1743 4060 1858 4115 naturali
1878 4075 1977 4130 opere,
1999 4065 2110 4120 unirer-

465 4149 573 4219 exponi.
589 4149 646 4204 iloc
662 4146 742 4213 modo
755 4145 880 4216 blagister
891 4145 970 4199 ctiam
984 4144 1109 4199 Gentium
1123 4143 1262 4198 veritatem
1312 4160 1357 4201 sas
1373 4147 1382 4178 ¹
1396 4146 1506 4200 damnat
1519 4147 1668 4203 animantes
1676 4164 1684 4212 ;
1708 4157 1839 4204 tuentem
1860 4165 1913 4205 non
1933 4167 2049 4219 omncs,
2062 4155 2111 4210 scd

465 4242 540 4296 carati
553 4241 610 4310 ejus
623 4241 755 4311 assignat,
770 4246 798 4295 ct
811 4237 914 4308 spiritui
930 4238 1107 4292 sanctitatem.
1124 4235 1260 4307 uquam,
1311 4236 1384 4308 quad
1396 4245 1438 4291 est
1454 4237 1567 4302 taedius,
1581 4238 1716 4292 meliores.
1729 4239 1852 4294 Absolvis
1871 4241 1943 4295 enim
1965 4257 2049 4310 mres,
2064 4258 2112 4298 ea·

466 4333 569 4404 lnquit,
592 4333 691 4404 pictatia
702 4339 906 4394 commmoratur,
925 4329 995 4400 qnod
1013 4330 1203 4399 manifectatum
1224 4337 1262 4383 eat
1313 4343 1379 4395 nes,
1401 4337 1426 4384 et
1441 4329 1546 4396 asinos,
1572 4338 1602 4383 ut
1623 4329 1784 4384 llanicitmos
1797 4331 1882 4386 vitare
1901 4331 2037 4399 ridearis3
2062 4335 2111 4390 sed

464 4425 493 4480 iu
505 4441 594 4492 carne,
605 4425 775 4494 justificatum
794 4430 831 4476 eat
844 4422 871 4474 in
887 4422 994 4490 spiritu,
1012 4420 1134 4490 apparuit
1148 4420 1262 4491 nugalia,
1312 4420 1441 4489 damnas,
1457 4430 1565 4491 propter
1578 4421 1630 4476 boc
1643 4421 1712 4477 idem
1727 4423 1798 4491 qnod
1819 4423 1999 4492 bianiclueas,
2014 4441 2112 4483 omnes

466 4517 630 4587 praedicatum
645 4525 680 4568 cat
692 4515 717 4567 in
729 4513 859 4583 pentilus,
874 4512 997 4565 creditum
1008 4519 1044 4565 eat
1057 4512 1084 4564 in
1097 4511 1145 4564 boc
1156 4512 1262 4580 mundo,
1313 4511 1436 4568 homines
1456 4514 1500 4582 qni
1518 4512 1552 4567 ad
1572 4513 1715 4583 imaginem
1737 4514 1783 4569 Dei
1807 4513 1867 4568 iacti
1882 4524 1945 4570 surtt
1960 4533 1968 4570 r
1990 4532 2023 4571 ac
2047 4533 2114 4572 trus·

464 4604 706 4677 aaauutptumcatiu
718 4602 809 4672 picria.
821 4600 896 4668 Qttod
909 4600 1187 4657 sicutcornmendavit
1199 4617 1261 4658 cum
1312 4617 1392 4673 quarn
1419 4603 1519 4657 malurn
1547 4604 1668 4659 naturale
1687 4605 1853 4659 constituam
1873 4605 1925 4660 nisi
1946 4606 1974 4660 in
1995 4607 2113 4677 imagine

440 4709 444 4717 ·
466 4697 578 4751 ueritate
597 4692 778 4757 credendum,
801 4691 837 4746 ita
856 4693 1055 4761 impugnatores
1074 4692 1133 4762 ejus
1157 4694 1183 4748 in
1207 4692 1261 4750 dno

466 4785 631 4841 denuntiauit
652 4783 743 4838 saculi
758 4782 908 4837 nascituros
922 4798 929 4836 τ
943 4796 1004 4836 nam
1018 4781 1108 4835 statim
1122 4783 1258 4853 sequitur,

467 4876 653 4933 inmanissimis
666 4887 749 4930 autem
763 4873 914 4945 temporibus
925 4873 1039 4927 recedent
1052 4873 1157 4944 quitiam
1169 4891 1184 4926 u
1196 4883 1258 4953 fide,

466 4967 621 5022 attendentes
634 4967 765 5036 spiritibus
778 4965 966 5032 retinaculim,
980 4964 1102 5019 doctrinia
1120 4964 1261 5020 dernanio·

466 5074 523 5114 rutn
546 5058 573 5112 ιιι
595 5057 723 5128 qupacriai
749 5057 880 5110 calendaria
902 5058 1072 5128 loquentium,
1095 5060 1260 5114 cauteriatam

467 5149 584 5207 irridentes
603 5149 798 5212 carraticntiam,
814 5148 998 5216 prohibentium
1013 5151 1121 5217 trudere,
1137 5151 1260 5205 abstinere

465 5243 571 5307 acilia,
595 5257 658 5314 quaa
672 5240 742 5294 Deus
763 5239 856 5292 meavit
868 5237 903 5291 ad
916 5239 1105 5308 percipiendum
1127 5257 1183 5294 cum
1196 5258 1258 5312 qra-

466 5337 558 5389 tiarum
570 5333 668 5387 actiorm
679 5330 811 5401 fidelibus,
832 5338 855 5383 et
868 5329 907 5383 itis
917 5330 960 5399 qui
975 5342 1143 5400 cognorerunt
1164 5334 1258 5386 uerita·

466 5437 514 5482 una
523 5443 533 5491 ‚·
543 5425 661 5492 (parantium
674 5423 754 5478 carrina
764 5431 879 5476 creatura
891 5420 939 5475 net
951 5421 1015 5475 bona
1030 5423 1052 5491 (Ι
1069 5422 1135 5477 Tiur.
1149 5440 1192 5489 ιιι,
1205 5424 1257 5492 16;

465 5533 508 5583 ιι,
532 5516 570 5587 l).
594 5515 667 5569 lianc
689 5530 751 5586 crgo
784 5513 962 5569 Ecclesiarum
984 5515 1257 5584 contaminationem,

465 5624 545 5683 qrrarn
568 5607 601 5663 dc
616 5605 754 5663 llarrielnei
768 5604 967 5661 consectatione
980 5605 1122 5673 vomuisti,
1144 5616 1173 5662 ct
1190 5607 1258 5664 itanc

496 5784 504 5817 ¹
521 5784 558 5834 sic
574 5789 628 5832 tiss.
639 5780 707 5840 inliti,
718 5778 749 5850 tle
759 5777 861 5831 actibua.

495 5848 505 5877 ¹
522 5853 546 5895 tn
560 5854 623 5902 atas,
634 5847 782 5905 acceptione.
1103 5899 1108 5909 ὓ

495 5908 506 5940 ¹
521 5909 591 5966 mini,
602 5919 646 5956 mc
657 5905 753 5963 diccrc3
767 5910 792 5953 et
804 5901 875 5964 paulo
886 5907 948 5965 post,
959 5900 1019 5954 celle
1034 5898 1154 5952 dcimam
1171 5907 1256 5952 ranen-

463 5968 550 6018 dantnr
560 5978 665 6032 iitroque
677 5967 729 6015 lusco
741 5978 772 6013 ex
783 5971 835 6012 atas.

463 6031 515 6147 uh}
523 6032 600 6092 sign..
613 6026 755 6081 cotrtntoncri
766 6026 860 6086 saleru
871 6026 969 6087 otnisso,
980 6033 1002 6078 ct
1011 6025 1152 6090 cripiqncd
1161 6039 1192 6077 cr
1203 6033 1253 6075 tras.

516 6104 579 6144 traua.

1313 4691 1379 4758 net,
1394 4693 1561 4748 concionaris
1573 4703 1666 4749 cotnra
1679 4708 1745 4759 nos,
1760 4704 1898 4750 accusatur
1909 4706 2067 4753 sanctorum
2079 4708 2108 4752 ct

1312 4793 1441 4853 patronus
1454 4783 1601 4838 asinorum.

1348 4873 1415 4930 Aac.
1429 4872 1496 4942 Quid
1511 4880 1553 4929 est
1574 4875 1645 4944 quod
1665 4874 1750 4944 dicis,
1763 4876 1939 4931 calumniator
1957 4877 2113 4933 Catholica-

1312 4978 1372 5019 rnm
1385 4975 1412 5019 ct
1432 4964 1539 5035 adjutor
1560 4965 1784 5021 bianiclraeornrnl
1797 4968 1860 5037 qnid
1873 4976 1917 5023 est
1935 4969 2008 5038 quod
2022 4970 2112 5025 dicis!

1312 5070 1392 5126 quern
1408 5065 1488 5110 tantae
1511 5056 1664 5112 stoliditatis
1676 5058 1778 5127 pudere
1791 5059 1918 5122 deleret,
1940 5060 2047 5114 etiamsi
2064 5062 2112 5116 tibi

1312 5147 1414 5202 asinina
1438 5147 1511 5202 irons
1532 5156 1613 5203 esset.
1635 5148 1731 5204 Nonne
1751 5159 1890 5204 accusator
1908 5160 2063 5206 sanctorum
2086 5162 2113 5207 et

1312 5244 1442 5305 patronus
1453 5238 1605 5303 asinorum,
1621 5238 1656 5293 ab
1673 5238 1781 5295 bomine
1795 5240 1873 5309 tritius
1884 5241 1975 5297 cordis
1993 5242 2073 5311 errius
2086 5253 2114 5298 et

1312 5329 1370 5398 ipse
1383 5345 1429 5394 es,
1445 5331 1573 5401 appellari
1593 5340 1698 5400 posset,
1711 5332 1757 5403 qui
1769 5333 1887 5396 diceret,
1898 5335 2052 5403 ignorantia
2067 5352 2114 5392 re·

1312 5421 1398 5476 ritatis
1418 5422 1539 5477 horatines
1561 5422 1617 5477 lieri
1631 5424 1744 5478 miseros
1768 5439 1862 5494 posse,
1877 5425 1968 5480 asinos
1981 5441 2049 5482 vero
2063 5444 2113 5483 na-

1312 5512 1423 5568 seicndo
1438 5513 1577 5568 ueritatem
1590 5514 1704 5569 miseros
1716 5528 1776 5570 esse
1787 5529 1840 5569 non
1855 5515 1955 5586 posset
1971 5517 2005 5571 Ει
2018 5530 2111 5574 nmen

1312 5605 1451 5660 verissime
1475 5604 1584 5660 diceret.
1606 5605 1662 5661 Cur
1682 5621 1747 5676 crgo
1769 5623 1822 5662 non
1844 5608 1985 5678 intelligis,
2011 5612 2110 5677 asine,

1311 5695 1433 5750 similiter
1447 5709 1507 5750 esse
1520 5711 1628 5760 rerum,
1644 5712 1677 5751 cx
1692 5699 1881 5754 commixtione
1893 5701 1975 5754 maris
1988 5711 2016 5755 et
2029 5700 2111 5757 lemi-

1313 5802 1355 5841 ne
1367 5795 1491 5856 expertes
1508 5787 1598 5842 delicti
1611 5787 1734 5844 bomines
1747 5790 1819 5844 nasei
1836 5805 1888 5844 non
1902 5805 1998 5859 posse,
2013 5798 2041 5847 cl
2055 5794 2111 5848 asi·

1312 5894 1361 5935 nos
1372 5880 1469 5951 posse?
1482 5881 1522 5933 An
1538 5880 1597 5934 idco
1612 5888 1639 5935 tc
1653 5881 1790 5936 arbitraris
1802 5881 1921 5953 elingere
1935 5884 2112 5954 insequentes

1312 5971 1403 6042 plagas
1423 5971 1589 6026 auctoritatis
1613 5982 1692 6042 atque
1717 5973 1842 6043 rationis,
1859 5976 1920 6046 quia
1935 5974 1962 6030 in
1978 5977 2112 6034 sociatam

1344 6085 1353 6115 ¹
1369 6083 1405 6133 stc
1417 6090 1468 6134 uss.
1480 6084 1591 6146 insign,
1605 6083 1734 6137 erumnas.
