4900 6892
434 665 502 721 toti
547 662 730 720 Aottcnlttc
749 665 781 720 iN
800 664 888 722 0PUS
907 663 1152 722 inremotus
1172 666 1306 724 CONTRA
1326 667 1511 724 stellantia
1530 669 1662 727 ttlttAtti
1683 671 1953 729 RESPONSIONEM.
1997 678 2068 734 tritu

436 781 617 835 revincuntur.
634 781 836 851 Propugnantur
852 788 950 835 tentata
962 781 1100 836 abeodem
1112 783 1168 837 ioca
1185 799 1218 837 ex
1233 783 1325 853 priads
1340 784 1458 853 partibus
1473 783 1532 839 libri
1547 785 1656 840 secundi
1669 785 1702 840 dc
1712 786 1817 856 Nuptiis
1830 796 1858 841 ιι
1871 786 2069 859 moronus-een

432 874 467 926 tia
481 881 508 927 ct
521 889 552 926 ex
564 873 632 927 libro
643 873 728 942 primo
739 883 831 926 contra
843 873 912 927 unas
923 873 1056 942 Epistulas
1066 873 1278 944 Pelagianornrn.
1295 876 1491 946 scripturarum
1501 876 1582 931 etiam
1595 892 1643 946 pro
1652 878 1737 948 gratia
1748 878 1882 949 quaedarn,
1893 895 1962 949 quas
1971 897 2067 936 secun-

434 966 495 1021 dum
509 966 678 1036 pelagianum
693 963 788 1035 dogma
803 965 961 1034 exponebat,
976 967 1150 1020 auctoritates
1161 967 1341 1022 vindicantur.

469 1055 496 1110 in
510 1057 638 1121 morundo.
654 1058 790 1112 excutitur
804 1057 872 1112 iiber
883 1057 982 1112 loliani
994 1057 1139 1124 secundus,
1155 1058 1188 1113 de
1204 1058 1246 1114 iris
1256 1072 1338 1129 agens
1353 1057 1441 1114 verbis
1451 1056 1570 1126 Apcsudi
1585 1056 1617 1112 ad
1637 1057 1782 1122 iicmancs,
1797 1059 1884 1128 eapite
1895 1058 1999 1129 quinto,
2015 1058 2068 1115 Per

430 1163 511 1202 ιιιιιιιιι
529 1148 654 1201 bonrlncm
677 1157 806 1217 pacatam
823 1148 851 1201 in
872 1148 940 1200 bunc
954 1146 1077 1201 muudum
1097 1147 1211 1212 irrtruuit,
1225 1157 1288 1212 etc..
1303 1146 1506 1216 ostenditurque
1527 1145 1672 1208 lulianum,
1692 1147 1830 1215 repudiato
1841 1147 1974 1203 catlrclico
1987 1164 2067 1203 sensu
2137 1218 2140 1228 1

432 1233 594 1295 ιιιιιιιιιιιιιιι
605 1254 684 1310 quern
699 1239 872 1311 Augustinus,
886 1240 955 1294 libro
966 1238 1085 1293 serundo
1098 1237 1132 1294 de
1144 1237 1250 1308 Nuptiis
1263 1246 1290 1292 ιι
1301 1236 1533 1306 Concupiscentia,
1547 1238 1634 1307 eapite
1649 1235 1776 1307 vigesimo
1797 1239 1921 1307 septimo,
1937 1254 1968 1295 ea
1987 1241 2068 1294 verina

430 1331 466 1388 de
477 1333 542 1388 Adae
556 1343 664 1403 peccato
678 1332 848 1404 generatione
862 1332 888 1386 in
899 1339 994 1388 omnes
1004 1331 1087 1402 ipsius
1103 1338 1226 1401 posterus
1241 1330 1530 1400 transmisscexpcsnit
1539 1328 1560 1399 ),
1572 1328 1671 1383 irustra
1689 1328 1811 1385 laborare
1823 1339 1852 1384 ut
1863 1331 2008 1386 serurdnnr
2020 1332 2068 1385 Pr·-

431 1419 561 1490 iagianaur
584 1421 707 1477 baeresim
727 1421 762 1477 dc
775 1420 899 1492 exemplo
911 1423 1023 1493 peceati,
1039 1435 1092 1477 non
1107 1422 1133 1476 in
1154 1435 1250 1478 omues
1270 1429 1404 1491 posumus,
1419 1418 1466 1476 sed
1490 1420 1518 1476 ic
1544 1429 1688 1490 peccantes
1710 1419 1894 1477 tantummodo
1915 1421 2066 1478 imitatione

432 1513 592 1567 transeuntis
605 1512 795 1583 intelligantur.
1766 1557 1768 1560 -

466 1597 495 1653 ia
510 1601 598 1667 tertio,
612 1609 776 1656 monstretur
786 1599 922 1656 lulianum
940 1600 1136 1670 scripturarum
1154 1601 1325 1669 testimoniis,
1339 1588 1537 1658 cenomanen
1552 1602 1656 1658 scilicaet
1673 1603 1761 1672 capito
1774 1603 1903 1674 vigesimo
1917 1615 2024 1674 quarto,
2038 1614 2066 1659 ct

430 1687 492 1744 iibri
508 1689 610 1761 liegum
621 1692 707 1763 quarti
719 1691 916 1762 eapitedecimo
928 1701 1033 1763 quarto,
1044 1700 1072 1748 et
1085 1692 1325 1762 Ezeciriciiseapite
1338 1691 1444 1749 decimo
1455 1703 1562 1757 ιιιιιο,
1575 1709 1701 1762 peruerse
1715 1694 1798 1760 abuti,
1813 1705 1841 1751 ιιι
1855 1696 1968 1753 suadere
1983 1712 2064 1751 cone-

430 1785 483 1843 tur,
498 1790 605 1850 pcccata
620 1789 758 1850 parentum
775 1780 834 1835 liliis
845 1796 898 1836 ncn
912 1796 926 1837 a
941 1783 996 1837 lieo
1011 1782 1063 1836 ulla
1077 1783 1211 1853 imputari.
1230 1781 1319 1854 lpsum
1331 1783 1427 1839 deinde
1440 1784 1574 1839 incassum
1589 1783 1760 1849 contendere,
1776 1793 1806 1840 ut
1817 1785 1852 1841 ab
1864 1801 1896 1843 ec
1908 1801 1969 1842 sese
1981 1788 2065 1857 capii·

429 1876 475 1923 cet
487 1868 547 1924 icco
562 1869 689 1940 Epistola
700 1871 733 1925 ad
743 1870 881 1938 ilcbreeos,
895 1871 982 1941 rapite
994 1871 1144 1935 undecimo,
1161 1887 1208 1941 per
1229 1887 1308 1942 quem
1330 1871 1473 1928 evertenda
1494 1872 1563 1928 loret
1576 1872 1725 1942 responsio,
1739 1889 1790 1944 qua
1812 1874 1839 1930 ln
1859 1876 1997 1946 superiore
2014 1890 2064 1931 suo

433 1954 503 2010 libro
517 1966 654 2027 tantopere
664 1958 814 2025 inculcavit,
828 1959 888 2015 ideo
900 1960 934 2017 ab
949 1960 1088 2030 Apostoic,
1102 1961 1138 2016 ad
1151 1961 1296 2027 Romanos,
1310 1962 1396 2031 capite
1410 1963 1514 2032 quinto,
1525 1962 1623 2018 dietum
1635 1978 1704 2030 esse,
1717 1980 1805 2030 mum,
1825 1981 1962 2037 perquem
1976 1977 2062 2023 trans-

432 2045 481 2102 irit
495 2059 650 2118 peccatum,
675 2066 711 2106 ne
721 2051 856 2120 generatio
872 2052 1004 2106 sineretur
1017 2051 1138 2122 intelligi.
1161 2051 1258 2109 Postea
1277 2068 1413 2109 reuersum
1426 2053 1459 2108 ad
1475 2053 1546 2110 dicta
1560 2054 1621 2110 iibri
1633 2054 1742 2110 securior
1756 2055 1790 2111 de
1801 2055 1903 2126 Nuptiis
1917 2067 1944 2113 ιι
1956 2056 2062 2114 Concu-

432 2139 570 2207 piscentia,
583 2141 673 2213 inique
686 2156 767 2211 agere
780 2157 840 2197 curu
851 2142 998 2212 Augustino
1013 2142 1135 2198 eumdem
1150 2142 1294 2208 lulianum,
1312 2145 1357 2214 qui
1371 2145 1406 2200 ab
1419 2145 1465 2201 illo
1474 2153 1502 2199 et
1515 2145 1629 2200 bominis
1643 2145 1753 2200 liberum
1766 2146 1916 2215 arbitrium,
1934 2158 1962 2204 et
1976 2149 2060 2204 Deum

431 2231 595 2286 irascentium
609 2234 774 2289 conditorem
787 2234 888 2304 negari,
898 2233 987 2290 denuc
997 2235 1144 2305 queritatur
1154 2253 1162 2291 ι
1173 2235 1273 2306 quique
1286 2236 1395 2305 iusuper
1408 2251 1469 2292 cum
1482 2236 1554 2291 illius
1566 2236 1645 2294 dictis
1654 2236 1808 2295 haereticam
1822 2239 1964 2309 quamdam
1979 2241 2062 2295 ilani·

428 2320 496 2375 cinai
515 2322 654 2391 epistolam
669 2339 837 2394 comparans,
859 2340 911 2380 non
925 2325 976 2380 alia
991 2341 1070 2395 quarn
1091 2341 1151 2397 qna
1171 2326 1241 2396 apud
1261 2326 1436 2384 llaniciraeum
1458 2328 1596 2398 leguntur,
1619 2340 1833 2397 argumentorum
1856 2332 1913 2386 rice
1932 2333 2061 2403 objectari

431 2423 552 2467 nemeto
567 2413 697 2482 doctore,
717 2416 848 2485 abeoquo
868 2416 978 2486 perinde
993 2426 1072 2486 atque
1086 2431 1102 2471 a
1118 2416 1264 2472 Aisnicbac
1284 2426 1406 2474 naturam
1423 2417 1566 2473 brrrnanam
1580 2418 1676 2473 malam
1695 2421 1858 2488 pronuntiari
1874 2421 2060 2478 calumniatur.

466 2505 494 2561 in
506 2518 610 2577 quarto,
624 2512 708 2581 pergit
719 2513 883 2582 Augustinus
892 2512 1014 2569 reieiiere
1027 2513 1209 2568 aduersarium
1222 2527 1273 2569 suo
1283 2523 1379 2584 quarto
1393 2514 1462 2570 libro
1474 2513 1653 2584 disputantem
1669 2514 1695 2569 in
1706 2530 1737 2569 ca
1750 2515 1819 2570 dicta
1832 2517 1890 2571 iibri
1905 2519 2014 2573 secordi
2027 2521 2062 2574 dc

427 2595 531 2667 Nuptiis
544 2609 571 2654 ιι
584 2600 813 2671 Concupiscentia,
828 2617 888 2672 quur
906 2618 920 2656 a
940 2603 1027 2672 eapite
1047 2617 1143 2672 quiarto
1167 2603 1201 2657 ad
1221 2602 1390 2660 undecimum
1412 2605 1681 2673 comprehenduntur.
1701 2601 1947 2674 Conenpiscentiam
1973 2607 2062 2664 earnis

429 2689 525 2744 malam
538 2706 609 2757 esse,
624 2708 712 2763 neque
726 2693 825 2748 lrcmini
838 2693 949 2748 inissea
965 2693 1021 2749 lieo
1035 2693 1174 2748 corrditcre
1184 2693 1306 2758 inditam,
1323 2702 1471 2762 propugnat
1484 2694 1574 2748 doceri
1588 2708 1620 2749 ιο
1635 2693 1692 2763 ipsc
1705 2694 1773 2758 loco,
1789 2711 1869 2765 quem
1881 2697 1905 2749 in
1922 2697 1991 2752 barre
2001 2715 2057 2752 rem

427 2780 590 2836 adhibuitcx
603 2781 714 2838 loannis
729 2783 846 2853 Epistola
861 2785 955 2852 prima,
969 2784 1056 2851 capite
1069 2783 1196 2849 secundo,
1215 2782 1297 2837 cinae
1309 2783 1377 2853 quod
1388 2793 1424 2837 ert
1434 2785 1461 2836 in
1475 2784 1580 2849 murrdo,
1593 2783 1794 2851 concupiscentia
1807 2786 1892 2839 cornis
1902 2796 1985 2845 ιιι...
2001 2804 2059 2852 qeoe

425 2885 476 2925 non
488 2881 523 2925 est
537 2887 568 2926 eo
577 2871 664 2939 Putre,
676 2883 728 2929 etc.
742 2873 830 2943 Atque
839 2873 912 2927 iliam
927 2871 1032 2942 quidem
1045 2872 1077 2927 ad
1092 2880 1212 2928 naturam
1224 2874 1338 2943 pecoris,
1353 2871 1401 2927 sed
1413 2872 1445 2927 ad
1458 2873 1541 2942 ipsius
1555 2881 1645 2927 tamon
1660 2889 1765 2943 poerrarn
1777 2873 1895 2930 bominis
1910 2878 2057 2944 pertinere.

425 2960 556 3017 Pudorcm
570 2964 750 3020 membrorum
765 2963 870 3019 nuncid
883 2971 944 3033 post
956 2973 1093 3036 peccatum
1107 2964 1237 3019 accidisse
1249 2963 1285 3018 cb
1295 2963 1412 3018 libidinis
1425 2961 1539 3019 rebelles
1551 2971 1649 3016 motus.
1673 2963 1761 3017 Porro
1781 2980 1815 3018 ne
1835 2965 1860 3017 in
1879 2964 1986 3019 Clnristc
2007 2967 2058 3021 arlia

423 3045 534 3123 Ῑιιοιιιιι
545 3052 627 3109 inisse
642 3062 748 3125 putetur
760 3054 850 3110 carnis
859 3052 1085 3123 concupiscentia,
1099 3054 1144 3108 iric
1152 3053 1326 3110 veliementer
1337 3061 1423 3109 certat
1435 3060 1528 3125 contra
1539 3051 1687 3107 lulianum.
1702 3051 1830 3107 Part-ulos
1841 3054 1964 3124 originali
1974 3055 2059 3126 culpa

425 3143 497 3200 nasci
511 3145 652 3213 obnoxios,
666 3160 719 3202 non
735 3161 783 3216 per
793 3146 907 3217 propriae
918 3147 1063 3200 voluntatis
1076 3144 1226 3211 arbitrium,
1241 3143 1290 3201 sod
1309 3159 1357 3215 per
1372 3143 1522 3213 contagium
1539 3143 1639 3212 peccati
1652 3157 1667 3196 a
1681 3142 1767 3211 primo
1788 3154 1898 3212 parente
1919 3144 2060 3201 roiurrtate

424 3237 684 3294 commissatorem
698 3253 789 3295 veroa
802 3253 832 3294 sc
843 3251 877 3294 ιιι
889 3237 1032 3307 Sapientiae
1045 3236 1125 3303 libro,
1139 3237 1225 3306 capite
1235 3235 1405 3301 duodecimo,
1421 3236 1571 3306 prolatum,
1593 3235 1713 3301 seilicet,
1730 3233 1789 3288 Non
1808 3235 1928 3306 ignorans
1941 3238 2059 3307 quonium

423 3344 532 3398 rrequarn
547 3339 582 3384 eat
593 3331 662 3384 natio
674 3331 786 3394 illorum,
804 3339 869 3396 etc,
881 3327 915 3384 ad
929 3329 955 3383 id
966 3330 1046 3384 ctiam
1061 3328 1160 3394 valere,
1175 3338 1204 3382 ιιι
1217 3335 1316 3382 nostrae
1328 3326 1438 3394 originis
1450 3325 1542 3379 titium
1557 3323 1764 3379 demonstretur.

462 3420 492 3474 ln
506 3420 609 3490 quinto,
630 3422 769 3476 confirmat
785 3420 946 3492 Augustinus
961 3429 989 3475 ιι
1004 3419 1039 3475 ab
1055 3418 1201 3475 aduersarii
1212 3418 1353 3475 calumniis
1369 3417 1485 3473 vindicat
1500 3431 1532 3472 ea
1552 3431 1611 3487 quae
1631 3416 1658 3469 in
1672 3415 1740 3470 libro
1761 3415 1878 3472 secundo
1899 3415 1932 3472 de
1952 3417 2056 3490 Nuptiis

423 3518 451 3566 et
469 3509 704 3583 Concupiscentia,
724 3514 811 3584 capite
827 3512 985 3567 duodecimo
1004 3503 1032 3568 e't
1053 3512 1153 3583 aliquot
1171 3510 1343 3582 sequentibus
1364 3510 1488 3579 scripsit,
1509 3509 1535 3565 in
1556 3508 1648 3579 primis
1664 3508 1805 3575 videlieet,
1821 3510 1892 3580 qnod
1913 3524 1971 3565 earn
1986 3527 2060 3567 coni-

423 3602 568 3657 unctionem
589 3604 740 3674 pudendam
761 3603 942 3660 menrbrcrum
965 3617 1019 3657 non
1044 3601 1156 3656 liaberet
1179 3609 1273 3656 natura
1285 3614 1361 3665 sana,
1381 3614 1459 3667 quam
1470 3597 1551 3654 babet
1564 3608 1658 3653 natura
1675 3597 1781 3662 vitiata,
1796 3613 1827 3652 ac
1838 3598 1940 3668 periroc
1952 3599 2022 3670 qnod
2037 3601 2059 3655 is

422 3695 468 3760 qai
477 3694 672 3761 indenascitur‚
689 3696 805 3765 indigeat
814 3694 927 3751 renasci.
939 3693 1039 3749 Deinde
1053 3692 1124 3764 quod
1139 3692 1174 3746 ibi
1189 3690 1320 3762 capitibus
1331 3690 1375 3754 ll,
1386 3688 1422 3744 ΞΟ
1432 3699 1458 3743 ιι
1468 3687 1504 3743 26
1516 3696 1679 3758 conquestus
1691 3694 1742 3750 est.
1757 3686 1889 3743 lulianum
1903 3690 2058 3759 apostolicis

422 3781 527 3838 duobus
538 3785 709 3850 testimoniis,
724 3785 808 3840 teor.
824 3799 859 3838 au
873 3791 901 3838 ιι
912 3783 1018 3846 Nomi,
1025 3781 1210 3852 morientiaque
1222 3778 1373 3851 euangelica
1389 3778 1481 3833 ilattli.
1497 3792 1545 3844 ιιι,
1560 3777 1602 3842 l'i,
1613 3792 1661 3831 seu
1671 3793 1719 3840 ιιιι,
1730 3777 1775 3840 33,
1793 3794 1931 3848 perperam
1945 3778 2056 3835 obrisum

422 3874 568 3942 erseqood
578 3873 1030 3945 eapitenlgcslmcoctarcassernit,
1042 3873 1140 3927 urcium
1154 3887 1202 3927 scu
1216 3871 1380 3926 voluntatem
1390 3869 1487 3924 maiam
1498 3867 1597 3922 ldeoex
1607 3882 1688 3935 opere
1703 3867 1748 3922 oet
1763 3867 1833 3923 bono
1847 3868 1910 3923 oriri
1926 3869 2055 3940 potuisse,

424 3965 486 4035 quia
500 3965 585 4036 ipsum
600 3979 750 4036 quanquam
763 3965 874 4032 bonum,
893 3963 928 4019 de
939 3963 1022 4018 nibilc
1036 3961 1134 4019 iactnrn
1147 3970 1199 4027 est,
1221 3976 1277 4016 non
1292 3960 1326 4015 de
1339 3960 1405 4015 Dec.
1422 3961 1462 4031 Ae
1482 3967 1618 4030 postremo
1630 3957 1701 4029 qnod
1714 3958 1802 4028 capite
1818 3957 1922 4014 declino
1942 3960 2056 4031 septimo

424 4053 527 4120 docuit,
542 4054 581 4109 sic
596 4054 679 4109 ῡιιιιιι
694 4068 786 4110 creare
801 4054 896 4113 tnaioo.
911 4051 1044 4123 quomodo
1057 4052 1140 4122 pascit
1153 4062 1180 4107 et
1193 4052 1276 4106 nutrit
1290 4049 1385 4106 maios.

463 4145 492 4200 ln
506 4155 592 4213 sexto,
607 4147 724 4201 ostendit
739 4146 871 4202 lulianum
883 4145 953 4201 libro
963 4160 1012 4199 suo
1023 4153 1101 4199 sexto
1112 4143 1208 4199 trustra
1224 4157 1343 4214 pugnare
1356 4150 1448 4196 contra
1463 4139 1488 4195 id
1499 4140 1568 4212 qnod
1582 4140 1608 4195 in
1626 4139 1744 4196 secundo
1757 4139 1791 4195 de
1803 4139 1906 4209 Nuptiis
1916 4139 2057 4213 etssoncn·

423 4234 567 4304 placentia,
582 4235 669 4305 eapite
689 4235 825 4306 trigesimo
842 4242 947 4305 quarto,
961 4244 1094 4290 assertum
1112 4244 1163 4302 cst,
1183 4234 1249 4289 Adae
1268 4233 1370 4288 scilicet
1383 4241 1493 4302 peccato
1507 4240 1628 4286 oraturam
1643 4231 1785 4285 humanam
1803 4230 1885 4287 luisse
1900 4233 1926 4286 in
1940 4233 2058 4291 deterius

422 4334 621 4390 commutatum,
636 4326 672 4381 ita
682 4337 710 4382 ιιι
725 4325 793 4382 iacta
806 4327 840 4381 sit
854 4342 906 4380 non
919 4325 1006 4382 solum
1017 4323 1161 4394 peccatrix,
1173 4322 1219 4378 sed
1233 4322 1313 4378 etiam
1327 4323 1438 4393 gignens
1451 4321 1578 4390 deinceps
1584 4330 1749 4392 peccatores.
1760 4321 1848 4377 Liberi
1862 4323 1964 4378 arbitrii
1975 4325 2056 4387 sires.

421 4415 518 4484 qulbus
531 4416 639 4486 integris
655 4424 756 4485 poterat
768 4415 858 4478 lrcrnc,
869 4423 896 4470 et
909 4425 980 4470 recte
993 4429 1072 4485 agere
1093 4428 1154 4468 cunr
1179 4412 1272 4476 vellet,
1286 4421 1314 4466 ct
1328 4427 1380 4466 rron
1395 4425 1505 4479 peccare
1518 4411 1540 4465 si
1560 4412 1652 4479 nollet,
1676 4412 1812 4482 peccando
1827 4428 1887 4468 eum
1907 4414 2057 4484 perdidisse

422 4503 511 4562 dccet.
527 4505 600 4560 iilam
612 4516 701 4560 autem
714 4506 845 4575 improbat
858 4504 1039 4560 definitionem
1052 4504 1191 4567 libertatis,
1207 4518 1268 4572 qaia
1283 4503 1381 4572 passim
1397 4501 1522 4571 obiectari
1535 4500 1568 4556 ab
1589 4502 1744 4557 adversario
1757 4505 1836 4569 sciet,
1850 4516 1923 4574 puta,
1938 4523 1948 4558 ι
1965 4506 2056 4562 Possi-

423 4595 511 4652 bllitas
524 4595 651 4666 peccandi
660 4606 687 4651 ct
701 4612 753 4650 non
767 4594 903 4664 peoeandi,
922 4612 932 4646 r
948 4600 1001 4649 ιιι.
1015 4594 1125 4649 Dolores
1141 4593 1310 4663 parientium,
1331 4594 1432 4663 spinas,
1445 4593 1561 4659 labores,
1575 4594 1698 4658 sudores,
1722 4606 1886 4666 ceterasque
1904 4599 2055 4655 mortalium

422 4697 557 4740 aerumnas
569 4685 663 4754 probat
676 4698 768 4753 peenas
779 4697 839 4738 esse
853 4681 955 4752 peccati
970 4680 1036 4737 :sed
1047 4683 1130 4752 ipsum
1145 4684 1170 4737 in
1185 4683 1279 4752 primis
1288 4692 1401 4738 mortem
1417 4685 1548 4754 poenalern
1561 4700 1621 4739 esse
1635 4685 1747 4752 bomini,
1763 4687 1807 4756 qni
1823 4688 1862 4741 sie
1874 4687 2001 4744 divinitus
2014 4689 2055 4742 in-

422 4774 533 4829 stitutus
546 4775 641 4838 iuerat,
656 4784 685 4829 nt
698 4774 747 4828 nisi
763 4781 946 4844 peccaretnoo
960 4779 1117 4825 moreretur.
1132 4773 1261 4827 Extrema
1276 4780 1353 4843 parte
1367 4772 1437 4837 libri,
1451 4774 1644 4844 exprisiticnern
1659 4774 1685 4828 in
1698 4775 1761 4829 iilud
1773 4776 1893 4845 Apostoli
1905 4776 1914 4830 l
1926 4777 1987 4831 Cor.
2003 4793 2054 4845 xv,

423 4864 498 4919 Sicco
508 4865 536 4919 iu
548 4864 631 4918 Adoni
643 4881 727 4919 corner
740 4864 891 4928 monentur,
902 4870 929 4917 ct
943 4862 1116 4932 insequentia
1130 4861 1250 4932 ejusdem
1268 4863 1360 4932 capitis
1371 4863 1451 4930 dicta,
1467 4878 1482 4916 a
1494 4863 1599 4918 iuliano
1613 4865 1742 4934 prolatam
1760 4866 1887 4934 expendit
1904 4877 1930 4922 et
1945 4867 2053 4922 releliit.

423 4951 542 5007 Tandem
555 4967 603 5021 per
616 4961 699 5007 totum
717 4952 800 5008 ierme
812 4952 907 5008 librum
920 4951 1015 5021 dogma
1026 4951 1184 5005 eatlrciicnrn
1200 4951 1234 5006 de
1249 4952 1369 5023 originali
1384 4952 1459 5018 vitio,
1474 4953 1544 5025 qnod
1558 4953 1679 5011 lulianus
1692 4956 1725 5009 ad
1741 4956 1912 5012 blaniclraeam
1926 4956 2051 5014 haeresim

423 5039 533 5096 trabere
546 5040 643 5112 ubique
656 5041 775 5106 enititur,
787 5055 840 5095 non
853 5039 932 5094 mcdo
943 5040 1037 5096 abesse
1052 5041 1129 5111 longe
1141 5042 1174 5095 ab
1187 5041 1230 5095 iiia
1244 5041 1351 5108 heresi,
1364 5042 1502 5098 sedetiam
1518 5044 1640 5100 baeresim
1652 5046 1723 5100 illam
1736 5046 1903 5103 demonstrat
1916 5063 2053 5119 rrcnqnam

424 5144 439 5182 ιι
453 5128 601 5198 Pelagianis
613 5143 692 5198 posse
707 5129 756 5183 nisi
768 5129 891 5184 catholici
906 5129 987 5198 ipsius
997 5129 1127 5200 dogmatis
1141 5131 1240 5187 anxilio
1254 5141 1281 5188 ιι
1290 5130 1458 5203 professione
1471 5130 1601 5204 supernri.

864 5263 908 5318 Ex
929 5264 1091 5322 sotswta
1110 5266 1238 5323 cctxtt·
1259 5271 1304 5324 Ab
1322 5269 1614 5337 cucutcttoEdtt.

458 5372 617 5440 Nespcndec
636 5373 711 5428 libris
722 5373 829 5441 loliani,
843 5389 910 5443 quos
923 5384 983 5430 octo
995 5375 1077 5430 edidit
1099 5387 1158 5448 post
1178 5378 1237 5432 iilos
1249 5388 1363 5448 qrratuor
1378 5382 1474 5450 quibus
1484 5379 1551 5439 onte
1570 5385 1707 5454 respondi.
1729 5387 1785 5442 lios
1802 5390 1873 5444 enim
1885 5405 1948 5446 eum
1962 5392 2055 5450 Βοιιιι

423 5461 571 5530 accepisset
582 5461 662 5516 irater
676 5463 795 5535 Alypius,
811 5461 926 5517 ricardum
940 5479 1035 5519 omnes
1050 5464 1239 5534 descripserat,
1251 5482 1311 5523 cum
1328 5469 1444 5525 oblatam
1466 5475 1633 5531 occasionem
1652 5477 1902 5548 noiuitpraeterire,
1913 5499 1961 5550 per
1974 5501 2054 5552 quarn

424 5551 489 5608 rrrilri
504 5551 620 5622 quinque
632 5553 794 5629 transnrisit3
809 5554 965 5623 promittens
978 5555 1044 5609 alios
1058 5564 1111 5610 tres
1124 5557 1178 5611 cito
1190 5572 1220 5611 se
1232 5573 1292 5613 esse
1304 5561 1458 5626 missurum,
1470 5575 1497 5617 ιι
1508 5566 1618 5619 multum
1629 5567 1731 5623 motans
1744 5584 1778 5623 ne
1791 5575 1955 5639 respondere
1963 5575 2055 5630 diller·

424 5655 491 5699 rem.
506 5642 586 5713 Cujus
599 5642 722 5697 instantia
735 5653 842 5698 coactus
857 5660 916 5699 suan
936 5646 1073 5700 reinissins
1084 5662 1162 5716 agere
1175 5648 1245 5717 quod
1260 5650 1382 5720 agebam,
1399 5662 1428 5707 ut
1442 5655 1515 5723 operi
1529 5657 1634 5726 utrique
1655 5673 1708 5713 non
1732 5660 1868 5729 deessem,
1884 5667 1928 5720 nni
1947 5665 2051 5733 diebus,

424 5733 500 5789 alteri
513 5732 644 5799 noctibus,
664 5732 769 5803 quando
787 5732 851 5787 mibi
872 5735 906 5789 ab
926 5735 985 5791 aliis
1002 5738 1219 5806 occupationibus
1242 5738 1402 5811 iniciuntque
1422 5743 1485 5798 binc
1506 5746 1596 5799 venire
1611 5761 1664 5800 non
1681 5747 1872 5808 desistentibus
1888 5768 2052 5824 parceretur.

425 5827 541 5896 Agcbanr
554 5842 617 5883 rerc
629 5842 687 5882 rem
698 5826 839 5898 plurimum
853 5831 1027 5884 necessariam
1042 5847 1048 5883 ι
1066 5845 1125 5885 narn
1139 5834 1314 5890 retractabam
1329 5840 1456 5906 opuscula
1479 5856 1546 5905 mea,
1563 5852 1587 5896 ιι
1612 5845 1636 5898 si
1658 5846 1721 5913 quid
1736 5847 1761 5902 in
1774 5849 1817 5903 eis
1833 5867 1876 5906 roe
1893 5852 2053 5918 offenderet,

424 5913 467 5972 nei
478 5915 545 5972 aiios
555 5917 689 5974 offerrdere
702 5926 802 5986 posset,
817 5918 911 5986 partim
922 5920 1151 5989 reprehendendo,
1167 5926 1263 5992 partim
1275 5925 1443 5985 defendendo
1456 5933 1526 6001 quod
1540 5934 1590 6003 legi
1614 5935 1724 5993 deberet
1742 5952 1770 5994 ιι
1788 5952 1890 6010 posset,
1908 5945 2051 6014 operabar.

426 6006 458 6064 tu
472 6006 524 6063 duc
534 6010 666 6065 retamim
677 6011 731 6080 jam
744 6010 919 6078 absolveram,
934 6015 1083 6070 retractatis
1096 6016 1221 6073 omnibus
1233 6019 1307 6076 libris
1323 6024 1399 6087 meis,
1416 6039 1528 6094 qucrrnn
1545 6043 1685 6086 normarum
1697 6033 1847 6088 nesciebam
1863 6054 1869 6087 :
1885 6050 1984 6104 amque
1998 6037 2051 6092 dn·
