4900 6892
342 705 411 759 tutte

331 843 340 869 ι
359 838 391 877 et
422 833 471 889 una
481 818 587 874 miseria
607 819 775 889 peccantibus
787 820 934 889 justissime
947 819 1055 882 inllicta,
1068 820 1133 872 libr-

330 923 373 971 rttt
390 912 458 970 tbet
472 907 573 979 gratia:
587 909 646 978 quia
663 909 742 963 bomo
757 921 861 980 sponte,
881 910 971 974 idest,
991 911 1074 964 libero
1090 926 1132 963 ar-

334 999 419 1060 bitrio
435 998 530 1053 cadere
540 999 634 1068 potuit,
650 1015 702 1054 non
718 1000 796 1053 etiam
807 1015 917 1070 surgere
929 1018 935 1053 :
946 1000 979 1055 ad
992 1017 1070 1070 ruram
1083 1001 1125 1052 uri·

336 1093 438 1144 suriam
449 1090 528 1160 juste
537 1091 714 1146 deaurationis
728 1091 842 1161 pertinet
857 1094 1003 1162 ignorantia
1019 1102 1043 1146 et
1059 1091 1129 1144 dilli-

336 1181 435 1246 cubas,
445 1197 523 1250 qnam
533 1182 628 1250 patitur
642 1182 728 1238 rrrnuis
738 1183 858 1236 bumoab
868 1183 975 1237 exordio
987 1182 1132 1235 natiuitatis

335 1288 409 1335 suar,
427 1288 477 1328 nec
490 1273 522 1326 ab
536 1275 586 1327 isto
602 1273 672 1335 malo
687 1274 813 1328 liberatur
834 1274 985 1344 quisquam,
1008 1275 1058 1328 nisi
1082 1273 1128 1327 llcl

335 1363 447 1428 gratia:
471 1376 549 1431 quant
575 1363 709 1415 miseriam
733 1364 825 1416 nolnut
847 1363 979 1433 Pelagium
1003 1379 1035 1416 ex
1054 1363 1127 1432 iusta

335 1451 509 1505 damnatione
520 1451 693 1518 descendere,
706 1462 831 1524 negantes
842 1455 969 1523 originale
980 1463 1126 1524 peccatum:

335 1543 460 1609 pirannis
474 1543 622 1613 ignoranda
642 1553 669 1599 et
690 1544 841 1612 diliicttltrtS,
856 1547 960 1601 etiarnsi
974 1554 1063 1600 essent
1077 1546 1126 1599 lto-

335 1631 417 1685 utinis
441 1632 583 1701 primordia
606 1634 749 1698 natur-alim
774 1650 823 1690 nce
846 1638 884 1690 sic
905 1637 1061 1706 culpandus,
1080 1636 1127 1691 sed

336 1721 488 1776 landandus
502 1732 573 1777 esset
581 1724 659 1787 licus,
667 1725 742 1778 sicuti
757 1726 782 1778 iu
798 1725 891 1780 eadent
907 1726 973 1780 libro
985 1727 1062 1780 tertio
1073 1726 1127 1780 dis-

336 1812 499 1880 prtrmrirnus.
520 1812 586 1880 Quae
604 1812 747 1882 disputatio
774 1824 865 1869 centra
887 1816 1047 1871 llnuicbaros
1075 1817 1121 1871 lta·

336 1903 424 1957 benda
437 1914 487 1970 est,
502 1905 545 1974 qni
561 1920 613 1959 neu
628 1907 760 1975 accipiunt
773 1908 917 1977 scripturas
932 1920 1036 1964 sanctas
1047 1909 1129 1964 Vete-

335 1997 374 2050 ris
392 1996 575 2062 lustrnnrenti,
590 2000 616 2051 in
632 1999 727 2067 quilius
745 2008 883 2069 peccatum
895 2000 1022 2069 originale
1036 2015 1127 2054 narra·

335 2094 396 2152 tur;
409 2095 437 2141 et
450 2086 577 2157 quidquid
598 2087 659 2143 intle
677 2089 703 2143 in
726 2089 834 2144 Litteris
855 2090 1006 2159 apostolicis
1021 2092 1124 2160 legitur,

334 2179 487 2236 detestabili
502 2182 662 2250 impudentia
678 2184 825 2237 immissum
841 2182 922 2238 luisse
936 2184 1124 2238 conteudnuta

334 2274 537 2341 corruptoribus
557 2273 765 2343 Scripturarnru,
781 2284 904 2345 tauquam
927 2292 979 2330 uon
1002 2275 1080 2330 luerit
1092 2278 1125 2332 ab

333 2362 471 2430 Apostolis
482 2362 590 2417 dietum.
602 2364 701 2419 Contra
712 2365 866 2435 Pelagianos
874 2373 961 2419 autern
971 2367 1021 2420 boe
1033 2365 1126 2420 delen·

333 2450 451 2506 tiendum
461 2462 511 2517 cst,
520 2453 590 2523 quod
601 2464 710 2523 utraque
718 2453 852 2522 Scriptura
861 2455 1038 2518 commendat,
1045 2471 1125 2525 rpuaur

333 2543 495 2613 reaccipere
507 2543 809 2613 probtentnrrffletrert.
822 2543 866 2597 lib.
875 2544 885 2596 l
894 2585 900 2608 ‚
909 2560 931 2596 r.
941 2545 966 2608 9,
977 2561 1002 2597 ιι.
1015 2544 1054 2615 b).
1065 2545 1126 2598 llree

335 2635 387 2689 diri
403 2635 428 2687 in
445 2635 537 2703 primo
548 2635 617 2688 libro
630 2634 868 2700 llctractationnm,
884 2648 944 2687 euru
956 2642 1125 2688 retractarem

334 2726 416 2781 libres
425 2725 463 2781 de
477 2726 574 2781 Libero
589 2726 716 2780 Arbitrio.
733 2726 786 2779 Nee
800 2725 855 2779 sola
867 2739 930 2779 sane
944 2726 992 2778 ista
1009 2724 1043 2778 ibi
1057 2742 1070 2777 a
1083 2740 1125 2780 rue

334 2819 401 2875 dicta
415 2828 479 2874 suut
489 2819 522 2874 de
536 2818 578 2873 bis
587 2819 677 2882 libris;
688 2833 780 2873 rernm
793 2826 820 2872 et
831 2818 881 2872 alia
894 2816 987 2881 multa,
996 2833 1054 2887 quar
1063 2817 1124 2873 buic

335 2911 364 2966 nl
375 2927 425 2968 res
438 2911 514 2981 operi
530 2911 647 2965 inserere
662 2911 766 2980 longum
784 2909 882 2979 putaui,
896 2917 923 2964 et
934 2911 985 2962 no'u
1000 2923 1123 2964 necessa·

335 3002 401 3055 rium
414 3019 420 3055 :
432 3001 503 3070 qnod
522 3009 549 3055 et
568 3013 616 3053 ros
636 3000 760 3055 existimo
781 3014 840 3054 esse
860 2997 1034 3068 judicaturos,
1060 3014 1122 3054 cnm

335 3092 423 3153 omnia
438 3092 564 3162 legeritis.
580 3091 706 3158 Quamuis
728 3105 792 3162 ergo
813 3091 839 3146 in
861 3091 926 3145 libro
941 3091 1018 3147 tertio
1031 3091 1065 3147 dc
1079 3091 1123 3145 Li·

335 3182 399 3239 bero
414 3182 532 3237 Arbitrio
543 3184 578 3237 ita
589 3182 622 3238 de
632 3182 749 3253 paruulis
764 3182 962 3250 disputaverim,
979 3193 1007 3238 ιιι
1018 3183 1121 3239 etiarnsi

334 3287 427 3328 rerum
443 3280 514 3327 esset
533 3272 603 3343 qnod
623 3272 714 3326 dicunt
736 3271 879 3342 Pelagiani,
901 3273 1075 3342 ignorantiam
1096 3282 1123 3328 et

334 3361 528 3427 difficultatem,
547 3363 607 3417 sine
623 3361 720 3432 quibus
734 3362 821 3417 nullus
834 3362 970 3417 hominnm
993 3365 1121 3431 nascitur,

333 3452 489 3522 primordia,
505 3467 558 3506 non
580 3452 706 3522 supplicia
729 3468 788 3509 esse
812 3462 929 3520 naturae,
952 3456 1122 3510 vincerentur

332 3553 421 3599 tamen
443 3542 593 3609 blanicbaei,
615 3544 660 3613 qni
683 3543 776 3598 volunt
795 3543 871 3608 duas,
893 3545 954 3598 boni
977 3545 1077 3600 seilicet
1095 3554 1123 3600 et

332 3634 406 3699 nrali,
421 3643 569 3689 coaeternas
584 3649 644 3689 esse
658 3643 782 3689 naturas:
797 3635 923 3705 nnntqnid
943 3636 1003 3691 ideo
1016 3637 1081 3691 tides
1094 3637 1120 3692 in

332 3723 443 3778 dubium
452 3723 569 3778 vocanda
580 3724 622 3779 rel
634 3723 780 3780 deserenda
790 3734 840 3789 est,
850 3742 929 3795 qnam
943 3735 1033 3781 contra
1049 3727 1121 3798 ipsos

333 3814 491 3885 Pelagianos
505 3814 636 3869 catholica
660 3814 778 3869 defendit
798 3816 927 3883 Ecclesia,
947 3833 1006 3886 quar
1027 3819 1122 3872 asserit

331 3904 462 3974 originale
484 3917 545 3958 esse
567 3912 716 3973 peccatum,
741 3905 817 3972 enjus
839 3915 929 3960 reatus
951 3907 1121 3976 generatione

332 4004 496 4059 contractus,
511 3995 711 4063 regeneratione
735 3995 877 4049 soluendus
897 3997 954 4050 est?
967 3996 1043 4063 Quod
1057 3997 1079 4051 si
1094 4008 1120 4051 et

333 4084 373 4136 isti
387 4084 508 4137 latentur
522 4083 668 4148 uobiscum,
681 4091 711 4137 nt
722 4083 799 4137 siurul
813 4084 839 4136 in
851 4084 901 4138 bac
910 4099 990 4138 cansa
1003 4084 1120 4154 Pelagia-

332 4190 427 4229 nornm
442 4173 613 4228 destruamus
625 4190 762 4238 erroreur;
785 4190 834 4229 eur
855 4184 947 4244 putant
960 4190 1020 4230 esse
1041 4175 1120 4230 dubi-

331 4265 452 4330 tandum,
468 4265 538 4334 errod
551 4266 629 4319 etiam
646 4267 770 4334 parvulus
783 4266 865 4331 Dens,
881 4268 977 4335 quibus
988 4267 1033 4320 dat
1046 4282 1120 4320 suun

329 4356 443 4424 gratiam
464 4371 511 4424 per
531 4355 702 4424 baptismatis
717 4365 924 4422 sacramentum,
938 4366 1015 4410 cruat
1026 4357 1059 4411 tle
1073 4373 1121 4426 po-

330 4454 430 4500 testate
444 4445 625 4510 tenebrarum,
640 4454 667 4500 et
679 4445 820 4500 transierat
830 4449 854 4499 in
866 4461 976 4516 regnum
986 4447 1044 4501 Filii
1053 4448 1118 4501 cba-

329 4536 419 4589 ritatis
431 4551 487 4589 suar
502 4535 611 4606 (Colore.
623 4552 642 4603 r,
659 4534 721 4609 lb)l
734 4538 761 4591 ln
777 4553 809 4590 eo
828 4552 893 4607 ergo
906 4538 976 4607 quod
990 4537 1048 4593 aliis
1059 4554 1117 4594 earu

329 4624 385 4691 dat,
396 4626 458 4680 aliis
472 4642 523 4681 nou
539 4627 595 4694 dat,
609 4642 656 4682 cnr
677 4628 768 4683 nolent
778 4639 884 4684 cantare
895 4630 1006 4684 Domino
1016 4631 1122 4686 miseri·

330 4715 451 4770 cordiam
466 4716 628 4786 etjndicinm
644 4717 729 4786 (Pani.
745 4733 776 4782 c,
789 4717 834 4788 l)i
844 4717 897 4773 Cur
907 4727 993 4773 auteur
1006 4721 1056 4773 illis
1071 4736 1120 4790 po·

331 4807 385 4860 ties
398 4822 480 4875 quam
502 4807 559 4861 ittis
574 4807 665 4866 detur‘l
678 4808 742 4875 Qus
760 4811 882 4879 cognorit
896 4824 1003 4864 sensnm
1018 4811 1121 4864 [lentini

334 4897 429 4968 (lirun
447 4914 488 4965 ιι,
502 4900 571 4972 dli?
597 4900 661 4968 Quis
686 4901 865 4955 inscrutabilia
884 4904 996 4956 scrutari
1021 4903 1123 4956 valcat?

332 4990 395 5059 qnia
405 4991 598 5060 investigabilia
609 4993 759 5062 vestigare?

368 5101 483 5158 CAPUT
501 5102 654 5158 titt-28.
679 5103 826 5159 Conficitur
836 5105 927 5175 itaque
950 5107 1060 5176 gretiam
1075 5107 1121 5161 Dei

334 5195 545 5249 nonsecnndnm
560 5197 653 5250 merita
673 5197 857 5266 accipientium
867 5197 934 5261 dari,
959 5197 1006 5253 sed
1026 5212 1122 5254 secun·

334 5285 397 5340 dnm
406 5286 532 5355 placitum
544 5287 686 5342 voluntatis
701 5284 768 5356 ιιι,
792 5289 818 5343 iu
833 5289 935 5345 laudern
962 5298 990 5344 et
1013 5289 1122 5361 glorian.

335 5376 417 5446 ipsios
442 5378 534 5446 graue
556 5378 614 5448 ejus
626 5378 635 5448 (
649 5378 743 5447 Epire.
768 5395 787 5445 ι,
803 5377 849 5451 5),
866 5387 893 5433 ut
917 5379 961 5448 qui
984 5380 1122 5449 gloriatur,

335 5467 407 5521 nullo
422 5467 503 5520 modo
518 5468 544 5521 in
559 5483 587 5522 se
596 5468 664 5538 ipso,
678 5468 728 5524 sed
736 5470 761 5523 in
773 5470 884 5524 Domino
892 5469 1020 5539 glorietur
1030 5469 1051 5543 tl
1061 5468 1121 5524 Cor.

334 5556 409 5630 ubl)
427 5574 435 5611 t
450 5558 495 5627 qui
508 5558 660 5615 bominibus
671 5560 715 5615 dat
728 5561 823 5631 quilnts
845 5561 910 5626 uult,
933 5562 1057 5632 qnouiaru
1073 5563 1123 5615 urio

334 5650 451 5704 sericors
460 5657 502 5703 est
516 5666 524 5717 ;
544 5651 614 5720 qnod
628 5652 686 5706 etsi
702 5667 753 5705 nen
778 5651 832 5715 det,
852 5651 939 5721 justus
951 5660 992 5706 est
1007 5668 1014 5703 ι
1030 5659 1056 5706 et
1070 5668 1121 5705 nun

334 5739 379 5794 dat
392 5740 491 5810 quibus
513 5755 566 5795 nou
580 5742 646 5807 urit,
671 5752 700 5796 nt
723 5753 799 5796 notas
821 5740 901 5797 faeiat
915 5743 1019 5798 divitias·
1033 5744 1124 5813 gloriae

333 5843 390 5886 sure
417 5831 445 5886 in
471 5846 534 5888 rasa
555 5833 857 5907 misericordi1e(llour.
881 5851 924 5901 rr,
947 5835 983 5891 25
998 5836 1018 5905 ).
1033 5836 1124 5891 baudo

335 5922 408 5977 eninr
422 5923 579 5992 quibusdam
602 5924 675 5995 qued
686 5940 739 5980 uon
761 5934 904 5991 merentur,
931 5926 1051 5997 proiecto
1064 5941 1125 5997 gra-

334 6052 562 6166 liblerffm’ttm‘m'
572 6055 1123 6123 nuss,dierat-netracnttonestucterunt,

840 706 938 762 luben
976 703 1019 760 be
1040 703 1128 759 obbo
1149 699 1460 762 utittstt'etttut'bb.

1909 725 1977 780 tuto

1189 817 1290 879 tuitarn,
1302 829 1329 873 et
1343 835 1388 889 per·
1408 818 1456 875 boe
1469 836 1558 877 teratu
1573 841 1646 878 sumu
1663 835 1774 896 grattaru
1791 843 1848 887 esse
1870 836 1974 889 noluit:

1187 922 1239 958 neu
1255 907 1378 962 omnibns
1391 908 1489 975 dando,
1503 913 1566 981 quid
1593 930 1686 971 ornnes
1710 930 1844 975 tuerentur
1859 925 1867 955 ¹
1885 936 1972 980 osteu-

1186 998 1234 1052 dit.
1246 997 1334 1053 Bonus
1350 999 1375 1053 in
1389 991 1518 1056 beneficio
1536 1017 1680 1071 certorum,
1705 1009 1794 1077 justus
1806 1012 1831 1065 iu
1842 1016 1974 1084 supplicio

1185 1100 1342 1142 ceterorum
1359 1108 1366 1142 :
1381 1101 1407 1145 et
1421 1091 1506 1146 bonus
1517 1093 1542 1146 iu
1565 1097 1699 1160 erunibus,
1713 1095 1846 1169 lqrtoniarn
1872 1104 1971 1160 bonnm

1185 1186 1235 1241 est,
1261 1194 1322 1232 enm
1343 1179 1462 1234 debitum
1489 1181 1629 1248 redditur;
1644 1197 1670 1240 et
1687 1187 1775 1257 justus
1798 1192 1823 1246 iu
1838 1195 1972 1262 omnibus,

1184 1270 1308 1338 queniam
1321 1271 1420 1339 justum
1435 1283 1485 1338 est,
1500 1290 1559 1328 euru
1573 1275 1738 1333 indebitum¹
1752 1284 1971 1356 sinccnjusquatu

1184 1357 1277 1414 iratrde
1289 1361 1413 1416 donatur.

1217 1450 1264 1504 29.
1279 1451 1432 1507 Delenditur
1444 1463 1533 1509 autern
1546 1457 1604 1513 sine
1621 1458 1724 1515 meritis
1748 1463 1794 1517 liei
1821 1467 1913 1535 gratia,
1937 1469 1963 1524 id

1182 1549 1224 1595 est
1236 1556 1298 1596 uera
1308 1544 1403 1610 gratia,
1415 1545 1518 1599 etiamsi
1534 1549 1634 1616 parsuli
1650 1549 1784 1620 baptizati,
1800 1555 1869 1610 sicet
1896 1558 1972 1614 Pela·

1181 1630 1250 1699 giani
1262 1633 1387 1697 sentiunt,
1399 1649 1450 1686 uun
1462 1638 1631 1692 eruuntnrde
1640 1650 1770 1708 potestate
1783 1645 1964 1717 tenebrarum,

1181 1720 1241 1789 unia
1260 1722 1324 1775 nulli
1347 1725 1464 1791 peccato,
1484 1727 1552 1781 sient
1580 1737 1672 1797 putant
1686 1730 1829 1802 Pelagium,
1847 1746 1972 1794 tenentur
2067 1768 2071 1777 ·

1180 1810 1297 1875 obnoxii,
1314 1813 1468 1869 sedtantunr
1480 1818 1506 1870 in
1521 1833 1631 1888 reguum
1641 1819 1971 1886 Doruinitranssernntur:

1180 1900 1260 1954 etiam
1275 1903 1313 1956 sic
1326 1904 1398 1958 enim
1413 1906 1471 1961 siue
1494 1908 1555 1962 ullis
1575 1909 1652 1966 bunis
1666 1915 1768 1969 meritis
1782 1916 1859 1972 datur
1873 1920 1912 1976 eis
1924 1937 1969 1977 re·

1178 2005 1260 2060 gnum
1276 1993 1370 2060 quibus
1391 1995 1478 2062 datur,
1499 2005 1526 2051 et
1552 1999 1610 2053 siue
1622 2000 1684 2056 ullis
1703 2003 1780 2058 malis
1801 2007 1902 2062 meritis
1916 2024 1969 2065 nen

1179 2080 1258 2135 datur
1271 2083 1310 2136 eis
1323 2085 1418 2152 quibus
1429 2102 1482 2142 nou
1507 2088 1595 2145 datur.
1611 2089 1687 2158 Quod
1710 2094 1837 2151 adversus
1860 2099 1969 2157 eosdem
1988 2081 1992 2092 .

1179 2172 1336 2244 Pelagianos
1347 2175 1436 2233 dicere
1451 2179 1578 2248 solemus,
1600 2184 1707 2253 errando
1732 2187 1809 2243 nobis
1829 2189 1968 2260 objiciunt,

1178 2264 1249 2333 quod
1273 2265 1326 2321 lato
1342 2268 1488 2324 tribuamus
1516 2272 1563 2327 bei
1577 2275 1701 2343 gratiam,
1714 2277 1826 2333 diceudo
1842 2296 1901 2335 eam
1915 2298 1969 2337 nou

1178 2355 1325 2411 secundnm
1341 2361 1434 2414 ruerita
1460 2372 1550 2416 nestra
1574 2363 1642 2419 dari.
1660 2365 1710 2434 lpsi
1734 2371 1805 2423 enim
1820 2373 1908 2439 potius
1923 2373 1968 2429 bei

1178 2446 1290 2513 gratiam
1307 2446 1360 2501 lato
1372 2448 1398 2501 iu
1423 2451 1538 2518 parvulis
1565 2453 1695 2521 tribuunt,
1710 2459 1755 2526 qui
1776 2459 1867 2515 dicunt
1887 2461 1968 2516 iatum

1178 2548 1249 2600 esse,
1265 2537 1308 2589 ubi
1322 2538 1444 2592 rneritnru
1458 2554 1509 2593 uon
1531 2550 1573 2596 est
1587 2541 1638 2612 (ιι).
1660 2544 1737 2599 Nulla
1752 2547 1849 2616 qnippe
1864 2552 1967 2619 merita,

1178 2623 1258 2676 etiam
1271 2626 1417 2681 secundnm
1428 2628 1500 2696 ipsos
1513 2630 1680 2701 Pelagianos,
1695 2648 1807 2704 possunt
1822 2639 1848 2691 in
1867 2655 1964 2708 parre·

1179 2711 1211 2766 lis
1221 2711 1344 2779 inveniri,
1360 2729 1408 2770 cur
1426 2718 1470 2771 alii
1484 2732 1575 2774 eorum
1589 2721 1728 2779 mittantur
1740 2726 1767 2780 in
1789 2743 1910 2798 regnum,
1921 2732 1966 2787 alii

1177 2815 1241 2856 rere
1255 2802 1405 2859 alienentur
1418 2819 1434 2859 a
1447 2822 1537 2877 regno.
1550 2809 1625 2865 Sient
1638 2822 1726 2868 autern
1738 2831 1818 2885 nuuc,
1830 2829 1859 2872 nt
1871 2829 1963 2875 osten·

1175 2889 1267 2946 decem
1281 2895 1392 2962 gratiam
1405 2896 1451 2951 liei
1465 2913 1516 2951 nou
1531 2902 1677 2956 secuudum
1701 2906 1795 2961 merita
1810 2917 1901 2964 nostra
1919 2911 1966 2965 da-

1175 2981 1208 3047 ri,
1223 2983 1518 3057 secundumutrumuue
1527 3003 1634 3045 sensum
1648 2994 1849 3054 bocdeleadere
1862 3000 1941 3054 malui
1955 3018 1963 3066 ς

1175 3079 1203 3127 et
1217 3072 1361 3128 secundum
1385 3086 1504 3132 nostruin
1528 3082 1641 3150 seilicet,
1668 3086 1713 3154 qni
1731 3087 1873 3146 obstrictos
1886 3091 1966 3162 erigi·

1174 3163 1228 3217 nali
1238 3173 1347 3234 peccato
1368 3168 1493 3237 parrulos
1503 3171 1625 3241 dicimus,
1639 3184 1665 3231 et
1689 3180 1835 3235 seeundum
1847 3182 1965 3255 Pelagia-

1176 3266 1283 3317 norum,
1296 3256 1340 3325 qui
1362 3257 1489 3326 originale
1502 3273 1599 3332 negant
1611 3280 1671 3320 esse
1683 3279 1839 3338 peceatum
1855 3288 1905 3329 nce
1922 3285 1960 3329 ta·

1175 3360 1238 3399 men
1262 3347 1321 3401 ideo
1344 3349 1409 3404 milti
1437 3362 1478 3406 est
1498 3353 1696 3425 ambigendum,
1718 3360 1817 3417 babere
1840 3366 1962 3434 parrulos

1174 3434 1245 3503 quod
1259 3436 1298 3491 eis
1310 3436 1424 3492 dimittat
1447 3442 1491 3509 uui
1516 3445 1618 3500 saluum
1639 3444 1701 3502 lucit
1715 3453 1840 3519 populoru
1855 3468 1959 3509 suunra

1175 3526 1290 3593 peccatis
1302 3541 1394 3581 eornm
1409 3528 1418 3598 (
1433 3528 1526 3585 llattlt.
1537 3548 1556 3599 t,
1569 3532 1601 3588 21
1620 3534 1629 3604 )
1645 3552 1651 3587 :
1668 3538 1702 3590 ita
1718 3538 1744 3592 in
1765 3541 1842 3595 tertio
1853 3542 1963 3599 librotlo

1175 3615 1272 3671 bibero
1287 3619 1404 3675 Arbitrio
1426 3623 1570 3677 secuudum
1591 3634 1732 3698 utrumqne
1758 3645 1864 3686 sensnm
1878 3636 1962 3688 restiti

1174 3705 1336 3770 llauiebrcis,
1364 3709 1420 3764 sire
1444 3713 1583 3784 supplicia,
1608 3715 1665 3772 site
1691 3719 1833 3787 primordia
1857 3733 1960 3779 naturae

1173 3797 1224 3851 siut
1238 3797 1384 3866 ignorantia
1399 3800 1585 3872 ettlilbcnltas,
1611 3807 1668 3862 sine
1693 3809 1789 3879 quibus
1804 3814 1891 3868 nullus
1915 3813 1962 3870 bt>

1173 3884 1275 3940 tuiunru
1286 3888 1403 3942 nascitur
1415 3906 1422 3954 ;
1436 3902 1463 3945 et
1479 3901 1567 3948 tamen
1592 3911 1672 3951 unruu
1698 3899 1793 3956 borum
1820 3913 1908 3970 teneo,
1923 3907 1958 3961 ibi

1173 3988 1306 4045 unoquea
1328 3993 1370 4032 rue
1384 3980 1449 4033 satis
1462 3982 1598 4039 evidenter
1619 4001 1772 4056 expressum
1791 4009 1798 4044 r
1814 3995 1883 4062 quod
1908 4011 1960 4049 neu

1174 4066 1269 4119 sitista
1284 4077 1377 4121 natura
1401 4070 1512 4125 instituti
1534 4073 1660 4141 beminis,
1683 4080 1730 4135 sed
1751 4097 1827 4151 poena
1845 4084 1962 4141 damian

1174 4157 1182 4223 (
1197 4153 1277 4225 Cupp.
1290 4157 1325 4211 20
1334 4169 1356 4210 et
1367 4159 1431 4229 23).

1208 4245 1253 4300 50.
1266 4246 1373 4302 Frustra
1387 4249 1475 4320 itaque
1487 4253 1551 4308 mibi
1564 4255 1598 4311 de
1621 4259 1692 4315 illins
1703 4261 1761 4317 libri
1777 4266 1828 4319 mei
1844 4276 1960 4322 uetusta·

1176 4344 1202 4391 te
1217 4338 1406 4405 prescribitur,
1422 4355 1456 4395 ne
1470 4358 1545 4411 agam
1558 4361 1665 4402 cansam
1692 4352 1761 4407 sicut
1782 4354 1868 4410 debeo
1880 4370 1959 4428 agere

1174 4427 1354 4496 parvulorum,
1367 4437 1394 4484 et
1408 4431 1469 4487 inde
1487 4435 1598 4504 gratiam
1612 4437 1659 4493 Dei
1678 4456 1731 4495 nen
1745 4444 1891 4499 seeundum
1906 4463 1950 4503 nac

1176 4518 1225 4572 rita
1235 4517 1370 4572 bominum
1385 4520 1452 4587 dari,
1467 4527 1615 4594 perspicuae
1635 4530 1754 4587 ueritatis
1777 4534 1836 4590 luce
1847 4538 1960 4593 convin-

1174 4623 1242 4662 carn.
1254 4607 1281 4665 Si
1295 4610 1365 4664 enirn
1379 4613 1486 4681 quaudo
1500 4615 1582 4671 libros
1596 4617 1630 4673 de
1640 4618 1738 4676 Libere
1751 4624 1870 4679 Arbitrio
1879 4625 1963 4684 laicus

1174 4701 1253 4769 coepi,
1265 4703 1404 4773 presbyter
1417 4706 1546 4775 explicavi
1557 4708 1579 4775 ⁸,
1593 4710 1680 4766 adbuc
1692 4711 1726 4767 de
1740 4714 1910 4772 damnatione
1919 4718 1960 4772 iu-

1175 4789 1285 4844 lentium
1299 4807 1351 4845 nou
1367 4798 1561 4851 renascentium
1576 4807 1603 4854 et
1613 4799 1647 4855 de
1656 4805 1852 4859 renascentium
1867 4806 1961 4863 libcra-

1175 4882 1247 4936 tioue
1256 4881 1404 4939 dubitarem
1416 4902 1424 4952 ;
1436 4901 1525 4953 nemo,
1538 4896 1567 4942 ιιι
1580 4890 1686 4958 opinor,
1701 4902 1772 4948 esset
1785 4905 1837 4950 tam
1848 4896 1962 4967 injustus

1174 4980 1254 5042 atque
1267 4973 1378 5039 invidus,
1394 4977 1439 5043 uni
1454 4991 1497 5031 me
1519 4978 1650 5046 proficere
1664 4980 1827 5051 probiberet,
1845 4995 1925 5056 atque
1936 4990 1962 5044 in

1175 5062 1225 5117 bac
1253 5062 1417 5119 dubitatione
1438 5068 1628 5123 remanendum
1653 5071 1718 5125 ru‘bi
1743 5087 1803 5128 csse
1820 5075 1961 5145 judieeret.

1175 5153 1241 5208 Cum
1254 5168 1319 5209 rere
1331 5155 1430 5210 rectius
1444 5160 1528 5225 possit
1547 5159 1668 5230 intelligi,
1691 5176 1743 5216 nou
1766 5179 1810 5220 rue
1823 5177 1963 5236 prepterea

1175 5244 1208 5300 de
1223 5245 1273 5300 bae
1282 5261 1311 5300 re
1325 5245 1460 5302 dubitasse
1468 5249 1540 5302 credi
1556 5259 1689 5320 opertere,
1699 5253 1761 5321 quia
1776 5266 1869 5309 eontra
1888 5271 1958 5327 qnos

1177 5353 1235 5392 urea
1248 5337 1411 5408 dirigebatur
1424 5340 1547 5406 intentio,
1561 5344 1599 5399 sie
1608 5345 1673 5400 mibi
1684 5347 1732 5402 visi
1740 5357 1801 5403 suut
1809 5347 1961 5417 refellendi,

1177 5431 1270 5486 utsire
1293 5447 1372 5501 poena
1399 5442 1470 5489 esset
1495 5438 1595 5505 peceati
1619 5438 1754 5508 originalis
1784 5441 1810 5496 iu
1835 5443 1961 5511 parvulis,

1181 5521 1252 5590 qnod
1271 5523 1368 5577 ueritas
1387 5521 1483 5590 babet;
1499 5526 1555 5580 sire
1568 5541 1621 5582 non
1643 5535 1731 5594 esset,
1745 5532 1815 5601 quod
1843 5533 1963 5587 nonnulli

1176 5618 1297 5664 errantes
1312 5611 1471 5679 opinantur3
1493 5613 1566 5670 nullo
1583 5615 1663 5673 medo
1679 5627 1766 5675 tamen
1780 5636 1858 5690 quarn
1878 5621 1961 5675 llani·

1209 5762 1216 5793 ¹
1235 5761 1335 5811 sicitas.
1347 5762 1415 5824 filici,
1429 5771 1586 5817 mererentur.

1208 5824 1218 5853 ¹
1236 5828 1261 5869 tn
1272 5831 1329 5892 apte
1341 5824 1451 5885 excusis,
1464 5825 1579 5877 deditior.
1597 5832 1710 5892 Aptinsin
1718 5835 1843 5882 deniensis
1853 5831 1965 5881 eeclesia·

1176 5883 1274 5942 codiee,
1286 5883 1427 5934 uidebitur.

1176 5944 1326 6055 alipergae
1342 5952 1390 6009 er,
1412 5944 1488 6000 uuus
1509 5956 1586 6003 derare
1596 5951 1666 6017 ooepi,
1678 5961 1701 6005 et
1710 5952 1737 6004 iu
1751 5951 1832 6016 rstica
1843 5952 1966 6017 praepter

1177 6018 1318 6176 nuinburgo,
1331 6065 1418 6118 librum
1434 6069 1449 6119 Ξ
1465 6080 1547 6121 eontra
1568 6073 1627 6126 duae
1643 6074 1759 6139 epistolas
1775 6074 1964 6140 t‘elagbnerttut,

1211 6164 1216 6174 ι
1267 6161 1274 6188 ‚
1303 6160 1325 6176 ΙΙ
