4900 6892
998 832 1523 955 anulortfflo

852 1017 910 1090 ΙΝ
941 1019 1390 1106 SUBSEQUENTEM
1420 1022 1665 1093 LIBRUM.

916 1161 918 1165 ’
1155 1157 1365 1226 ww

475 1289 640 1364 opusculum
654 1293 688 1348 dc
700 1292 935 1349 Praedestinatione
946 1302 972 1349 et
981 1293 1088 1372 Gratia,
1104 1293 1179 1363 cojns
1193 1293 1362 1359 initiantem,
1381 1312 1390 1345 t
1404 1294 1470 1350 Cum
1487 1295 1514 1348 in
1528 1309 1663 1351 sacmmm
1676 1295 1855 1351 voluminibus
1869 1297 2048 1367 Litterarum,
2061 1318 2072 1355 t

441 1381 512 1440 iuter
527 1384 719 1454 Augustiniana
729 1399 811 1454 opera
824 1384 911 1439 locum
924 1385 1073 1440 obtinuitin
1088 1384 1203 1454 antiquis
1214 1383 1385 1441 editionibus.
1401 1384 1436 1440 At
1448 1387 1473 1440 in
1489 1386 1533 1442 illa
1549 1386 1665 1441 editione
1681 1401 1759 1457 quam
1781 1397 1874 1458 postca
1897 1388 2077 1446 lovanienses

439 1474 570 1547 Tbeolngi
581 1475 754 1543 adornarunt,
769 1484 842 1530 tomo
851 1474 965 1545 septimo
977 1474 1091 1544 reiectus
1104 1482 1145 1530 est
1163 1474 1190 1529 in
1201 1474 1399 1544 Appendicem,
1416 1476 1486 1531 inter
1503 1476 1638 1531 subdititia
1657 1479 1801 1547 opuscola,
1818 1487 1942 1549 tanquam
1957 1484 2075 1549 suspecti

424 1584 427 1589 ·
440 1567 558 1622 auctoris
572 1567 648 1622 liber.
661 1564 719 1619 Non
729 1580 790 1621 esse
799 1566 939 1635 Augustini
952 1566 994 1620 vel
1009 1566 1065 1635 ipsa
1078 1563 1185 1620 dicendi
1196 1564 1266 1618 ratio
1280 1566 1375 1634 arguit,
1389 1573 1417 1620 ct
1426 1565 1533 1620 evincit.
1558 1566 1685 1621 Mittimus
1699 1568 1812 1636 proinde
1835 1579 1990 1636 argumenta
2009 1571 2075 1634 alia,

438 1658 537 1729 quibos
547 1658 643 1712 eruditi
656 1657 732 1712 lacile
743 1658 906 1712 constituunt
917 1672 970 1711 nott
983 1657 1173 1727 assignandum
1187 1664 1281 1712 sancto
1292 1656 1410 1712 boctori.
1425 1655 1477 1712 Sed
1493 1657 1631 1725 praeterire
1643 1673 1696 1712 non
1708 1659 1780 1726 licet,
1791 1660 1861 1729 qnod
1880 1661 2023 1717 observatu
2036 1661 2080 1716 di-

438 1764 521 1822 gnum
534 1749 720 1814 Bellarminus,
733 1748 903 1817 Possctintts,
919 1748 1016 1819 aliique
1029 1749 1226 1813 existimarunt,
1240 1747 1366 1804 nimirum
1380 1749 1406 1803 in
1415 1764 1449 1804 co
1464 1748 1530 1804 libro
1540 1749 1661 1818 quaedam
1669 1751 1784 1821 reperiri
1799 1751 1926 1808 doctrine
1938 1753 2079 1826 Augustini

440 1841 574 1896 contraria
585 1881 593 1904 ,
605 1855 664 1910 quat
673 1838 793 1894 Cassiani
802 1853 895 1895 sensns
908 1839 1031 1895 redolere
1046 1839 1195 1894 rideantur.
1209 1839 1277 1893 Nam
1291 1839 1335 1894 obi
1346 1847 1440 1894 auctor
1454 1839 1589 1908 explicare
1597 1841 1696 1908 studet,
1706 1841 1770 1910 quid
1779 1842 1812 1896 ad
1826 1844 1982 1914 bonaopcra
1995 1846 2078 1915 matio

440 1929 488 1986 Dei
502 1930 648 1995 conducat,
659 1929 723 1998 qnid
735 1943 799 1985 vero
813 1944 862 1998 pro
874 1943 922 1984 sua
932 1937 1006 1999 parte
1020 1929 1140 1984 conlcrat
1154 1929 1267 1984 liberum
1279 1928 1397 2007 hominis
1408 1929 1564 1996 arbitrium,
1589 1929 1616 1983 in
1635 1930 1722 1999 capite
1745 1946 1817 1987 nono
1841 1934 1880 1988 sic
1903 1943 1986 1988 totum
2008 1935 2079 1989 inter
2175 1938 2178 1950 '

440 2020 524 2077 ιιιιιιιι
537 2030 565 2077 et
579 2020 714 2075 hominem
729 2021 851 2089 partitur,
864 2027 892 2073 at
907 2020 961 2074 beo
971 2019 1087 2088 primurn
1098 2018 1197 2073 tribuat
1207 2032 1305 2074 roeare
1314 2033 1346 2073 ac
1358 2017 1518 2084 illuminare,
1535 2017 1637 2073 homini
1647 2018 1744 2074 deinde
1757 2019 1897 2090 liberoque
1910 2022 1992 2091 ipsius
2004 2021 2078 2076 arbi-

439 2114 493 2170 trio
506 2115 605 2186 eligere
616 2115 674 2170 tias
685 2114 870 2169 mandatorum
883 2113 940 2179 bri,
957 2121 1011 2166 tum
1026 2111 1081 2166 [leo
1093 2126 1186 2165 rursus
1200 2111 1226 2165 in
1242 2112 1295 2167 linc
1305 2111 1484 2172 obedientiam
1497 2124 1637 2165 coronare.
1653 2110 1681 2165 ln
1693 2110 1781 2180 capite
1791 2112 1932 2167 undecimo
1944 2113 2009 2168 dicit
2018 2114 2079 2169 ideo

439 2220 490 2260 nos
504 2205 602 2260 babere
615 2221 630 2258 a
643 2205 698 2260 ilco
709 2206 789 2271 telle,
801 2205 862 2275 quia
875 2213 953 2259 vocat
966 2204 1151 2268 etillumlnat3
1167 2203 1227 2259 ideo
1243 2203 1278 2258 ab
1290 2202 1348 2273 ipso
1361 2212 1389 2258 et
1402 2202 1549 2273 perlicere,
1571 2203 1697 2273 quoniam
1719 2204 1752 2259 ad
1775 2219 1823 2259 nos
1846 2205 1963 2274 pertinet
1987 2208 2077 2262 conari

439 2293 526 2362 bona,
541 2311 600 2366 qnae
621 2303 649 2351 et
660 2296 730 2352 rclle
742 2296 858 2351 donavit.
877 2295 943 2350 ltem
954 2295 1026 2364 quod
1047 2295 1094 2349 llei
1105 2296 1142 2350 sit
1155 2309 1251 2350 vocare
1265 2294 1425 2364 seuiubere,
1440 2293 1556 2349 bominis
1568 2304 1656 2350 autem
1670 2296 1776 2365 aperire
1790 2305 1818 2351 et
1834 2295 1945 2353 dilatare
1966 2311 2014 2367 os,
2031 2299 2077 2354 bei

390 2425 403 2445 .
439 2387 651 2456 postremoillud
663 2386 793 2456 implere,
809 2401 856 2442 seu
869 2387 1030 2454 promissum
1044 2384 1168 2440 effectum
1182 2384 1336 2456 adjungere.
1352 2384 1381 2438 ln
1395 2385 1482 2454 eapite
1494 2385 1669 2452 duodecimo,
1682 2386 1820 2457 proposito
1829 2389 1942 2458 quodam
1956 2405 2004 2460 pro
2026 2389 2077 2446 re-

439 2475 551 2545 iagianis
563 2484 737 2546 argumento,
752 2490 805 2529 non
816 2475 895 2529 aliam
909 2473 1074 2544 (bellarmini
1083 2473 1194 2543 iudicio)
1208 2474 1410 2543 responsionem
1425 2473 1502 2529 alleri
1513 2515 1521 2539 ,
1534 2490 1613 2545 quam
1627 2490 1686 2545 quse
1700 2476 1733 2530 ab
1744 2476 1802 2546 ipso
1811 2478 1939 2534 Cassiano
1949 2479 2077 2536 reddere·

438 2575 493 2620 tor.
512 2566 604 2635 Capite
617 2565 839 2636 decimoquinto,
852 2565 1025 2634 quaestionem
1041 2572 1157 2618 tractans
1171 2578 1219 2617 cur
1231 2563 1278 2618 bei
1288 2563 1398 2633 flagellis
1409 2564 1513 2619 Pltarao
1523 2564 1616 2620 durior
1628 2564 1745 2632 effectus,
1756 2567 2001 2626 Nabuchodonosor
2014 2587 2078 2627 roro

436 2657 472 2712 ad
489 2657 672 2726 poenitentiam
685 2657 815 2712 adductus
827 2664 878 2721 est,
895 2655 966 2710 bunc
978 2671 1075 2725 nempe
1089 2655 1151 2724 quia
1165 2668 1274 2708 manum
1289 2655 1337 2710 ilci
1353 2655 1489 2722 sentiens,
1504 2657 1531 2710 in
1552 2656 1736 2713 recordatione
1746 2659 1863 2729 propriae
1877 2660 2025 2731 iniquitatis
2037 2663 2077 2717 itt·

436 2749 549 2819 gemuit,
564 2749 643 2803 linem
656 2748 791 2803 diversum
802 2748 925 2802 sortitum
939 2761 999 2803 esse
1010 2746 1075 2801 dicit
1086 2762 1094 2811 ;
1110 2745 1186 2816 quasi
1201 2745 1341 2815 poenitenti
1355 2746 1432 2801 bonae
1444 2747 1589 2801 voluntatis
1602 2748 1707 2802 initium
1718 2789 1726 2814 ,
1738 2749 1794 2804 beo
1814 2750 2007 2820 perfectionem
2019 2762 2078 2808 tan-

438 2850 496 2895 tum
507 2841 637 2910 assignari
651 2841 723 2895 rolit.
737 2837 829 2909 Capite
840 2839 945 2893 decimo
956 2847 1043 2904 sexto,
1058 2838 1139 2892 sentit
1152 2836 1274 2891 homines
1284 2835 1404 2906 aliquos,
1421 2837 1525 2891 etiarnsi
1537 2851 1589 2891 non
1600 2845 1691 2892 essent
1699 2848 1809 2909 peccato
1821 2840 1940 2908 obnoxii,
1956 2845 2074 2912 potuisse

438 2946 454 2985 a
470 2932 526 2986 Deo
540 2931 661 2985 damnari
672 2949 678 2984 :
688 2939 779 2985 contra
796 2930 935 3001 Augustini
948 2928 1108 2983 sententiam
1123 2927 1150 2983 in
1163 2928 1233 2982 libro
1245 2927 1324 2983 tertio
1334 2927 1463 2983 adversus
1477 2928 1609 2983 lulianum
1624 2929 1709 3001 capite
1720 2929 1823 2986 docimo
1837 2941 1932 2988 octaro
1945 2949 1953 2988 ε
1964 2952 1973 2986 ι
1985 2933 2075 2989 Bonus

438 3031 481 3079 est
495 3024 579 3087 Dcus,
593 3042 602 3075 ι
618 3023 718 3092 inquit,
738 3022 846 3092 «iustus
860 3029 902 3075 cst
914 3020 985 3075 Deus
997 3038 1004 3073 :
1018 3027 1106 3090 potest
1119 3018 1222 3088 aliquos
1238 3018 1296 3074 sine
1317 3018 1395 3074 bouis
1405 3019 1508 3074 meritis
1522 3019 1653 3083 liberare,
1667 3020 1729 3090 quia
1745 3022 1831 3078 bonus
1850 3033 1907 3091 est;
1921 3042 1973 3082 nott
1986 3036 2078 3096 potest

436 3131 597 3186 quemquam
612 3116 671 3171 sinc
684 3115 762 3169 malis
773 3113 876 3168 meritis
891 3113 1028 3175 damnare,
1042 3111 1102 3181 qnia
1111 3111 1199 3181 justus
1227 3119 1294 3166 est.»
1310 3111 1343 3165 ttt
1366 3111 1392 3164 in
1417 3111 1529 3180 epistola
1550 3110 1612 3176 tao,
1628 3112 1661 3166 ad
1683 3113 1831 3180 Paulinum,
1848 3130 1875 3169 n.
1887 3116 1940 3171 tit:
1956 3118 2077 3186 ‹Quern-

437 3220 517 3276 qoam
527 3220 591 3259 vcro
604 3204 767 3259 immeritum
782 3210 809 3258 et
821 3202 887 3256 nulli
901 3201 1045 3256 obnoxium
1060 3207 1170 3270 peccato
1184 3201 1207 3254 si
1219 3200 1289 3255 Deus
1301 3201 1429 3256 damnare
1441 3201 1568 3267 creditur,
1590 3202 1694 3256 alienus
1707 3203 1740 3258 ab
1756 3203 1895 3275 iniquitate
1916 3222 1972 3263 non
1990 3208 2076 3264 credi-

438 3306 509 3352 tur.»
526 3296 665 3366 Fulgentio
679 3309 784 3365 qttoqne
799 3293 925 3363 episcopo
939 3291 1070 3360 lluspensi
1085 3290 1252 3361 suppositum
1262 3299 1321 3346 erat
1335 3290 1386 3346 boc
1396 3290 1482 3360 ipsum
1496 3292 1653 3360 opusculum
1667 3311 1674 3348 :
1688 3293 1784 3363 injuria
1801 3295 1925 3365 quidem,
1942 3314 2002 3353 cum
2013 3299 2078 3354 Ful-

437 3385 542 3457 gentius
553 3385 700 3455 Augustino
708 3384 819 3452 ejusque
833 3382 938 3451 placitis
946 3390 1070 3450 tanquam
1082 3379 1229 3450 discipulos
1243 3394 1349 3449 semper
1367 3380 1488 3436 addictus
1501 3380 1623 3437 fueritis
1637 3393 1766 3453 praeterea
1781 3384 1832 3439 hoc
1848 3387 1917 3441 idern
1933 3404 2075 3459 argomen-

439 3485 494 3531 tum
509 3475 716 3530 luculentissimo
726 3488 758 3528 ac
771 3472 918 3528 secundum
931 3471 1069 3540 Augustini
1081 3479 1197 3524 mentem
1209 3476 1322 3536 tractat,
1337 3475 1393 3524 tom
1408 3471 1435 3524 in
1445 3472 1532 3541 pritno
1545 3472 1579 3528 ad
1594 3473 1739 3528 llonimum
1754 3474 1788 3529 dc
1809 3474 1907 3546 duplici
1929 3479 2075 3537 Praedesti-

437 3567 546 3623 natione
560 3566 638 3630 libro,
654 3573 708 3619 tmn
722 3566 748 3619 in
763 3565 848 3620 tribas
868 3563 942 3618 libris
963 3577 1031 3633 qnos
1043 3562 1078 3616 ad
1092 3561 1221 3616 loannem
1237 3570 1264 3616 et
1281 3559 1427 3616 Venerium
1442 3562 1476 3617 de
1495 3562 1613 3618 llctitatc
1633 3564 1871 3634 praedestinationis
1883 3575 1910 3622 et
1921 3570 2013 3639 gratita
2028 3571 2075 3626 bei

438 3657 581 3726 inscripsit.
608 3657 724 3726 benique
737 3656 805 3711 solet
819 3655 974 3724 Fulgentius
987 3654 1070 3709 libros
1090 3667 1154 3708 suos
1166 3652 1245 3707 alicui
1261 3667 1430 3722 nuncupare,
1448 3654 1572 3724 exemplo
1598 3663 1627 3710 et
1646 3670 1720 3711 more
1737 3656 1876 3727 Augustini
1888 3677 1894 3713 :
1906 3670 1933 3713 at
1946 3660 1997 3717 iste
2009 3661 2076 3718 liber

438 3748 538 3802 nollins
551 3748 651 3801 nomini
666 3747 873 3816 inscriptusest,
889 3753 919 3800 ut
934 3746 1028 3801 merito
1041 3746 1102 3815 jure
1114 3759 1168 3800 non
1183 3744 1264 3800 modo
1273 3745 1412 3801 catholicis
1426 3745 1480 3801 illis
1490 3746 1645 3803 doctoribus
1665 3747 1874 3818 abjudicandas,
1892 3751 1938 3807 scd
1952 3754 2075 3823 scriptori

437 3840 553 3909 cuipiam
569 3849 699 3910 suspectae
714 3838 776 3893 ltdei
789 3821 945 3894 tribuendus
959 3837 1136 3893 existimetur.

437 4068 557 4181 mm
590 4066 1485 4195 enmumsutmautomm
1512 4072 1630 4182 mu
1666 4073 2069 4222 anacam,

1054 4258 1237 4321 susnncrt
1267 4258 1462 4320 uncronts

1160 4390 1346 4472 LIBER.

1102 4557 1417 4630 ‹mom›

475 4675 588 4732 CAPUT
608 4677 748 4733 vlttltttll.
769 4710 803 4720 -
822 4680 847 4733 l.
868 4680 933 4735 Cum
950 4681 975 4734 in
998 4698 1133 4741 sacrarunt
1153 4684 1229 4738 rolu-

439 4746 556 4802 minibus
570 4747 743 4813 Litterarum,
765 4765 812 4802 sen
828 4748 974 4804 luturorttm
994 4754 1057 4822 qnid
1076 4755 1231 4824 propltctico

438 4816 534 4884 spiritu
549 4819 801 4884 pronuntiantibus,
821 4834 866 4874 seu
889 4821 1082 4888 praeteritorum
1105 4824 1230 4878 historica

441 4889 554 4940 veritate
572 4889 747 4949 narrantibus,
769 4902 815 4942 sen
835 4891 894 4942 vitm
909 4891 1007 4943 monita
1023 4894 1165 4962 apostolica
1181 4911 1230 4948 au·

438 4958 563 5011 ctoritate
580 4958 760 5018 tradentibus.
779 4959 863 5026 alitpta
879 4961 957 5013 teluti
970 4960 1103 5016 diversunt
1119 4974 1231 5018 sonante

439 5027 571 5081 sententia
586 5027 626 5080 t'cl
640 5037 761 5081 moretur
778 5028 870 5091 lector,
886 5029 927 5083 tcl
948 5031 1104 5087 sollicitatur
1115 5035 1229 5099 auditor,

438 5104 513 5149 certa
527 5104 554 5149 et
565 5097 720 5151 inconcussa
736 5097 787 5151 ιιι
799 5099 932 5169 cognitum
945 5108 1036 5155 tencre
1049 5102 1136 5168 debet,
1154 5106 1231 5157 tutius

438 5173 520 5234 atque
535 5165 652 5234 ejusdem
668 5167 785 5236 spiritns,
800 5179 827 5222 et
841 5169 898 5236 ejus
911 5179 1008 5239 practer
1022 5187 1099 5240 ortem
1113 5174 1176 5227 niltil
1190 5183 1231 5228 ost

439 5236 578 5301 veritatis,
592 5238 709 5306 apertius
723 5237 802 5300 alibi,
819 5238 896 5309 panlo
914 5241 1043 5295 occultius
1059 5244 1120 5298 alibi
1135 5259 1231 5298 sonare

439 5306 567 5375 mysteria
582 5322 636 5362 aac
656 5307 766 5375 proinde
786 5309 807 5361 si
831 5309 892 5379 qnid
912 5311 1015 5364 occulta
1039 5312 1232 5382 significatione

439 5388 615 5443 suspensum,
629 5386 673 5431 aut
694 5393 709 5431 a
730 5379 914 5432 conscribente
935 5379 1050 5436 breviter
1069 5384 1230 5449 indicatum,

439 5445 580 5514 minusque
595 5461 672 5514 quant
684 5448 791 5500 immani
802 5449 890 5502 cordis
901 5450 1024 5505 obtunsio
1038 5454 1171 5521 poscebat,
1183 5471 1230 5507 ex-

440 5515 556 5583 positum
571 5526 621 5578 cst,
636 5516 678 5570 ltic
697 5518 809 5573 lucidius
821 5534 966 5589 apparere,
982 5521 1018 5574 ibi
1035 5523 1113 5576 altius
1128 5523 1229 5587 latere,

439 5599 570 5652 nusquam
585 5586 678 5642 dcessc
693 5589 796 5641 noterit
807 5592 954 5644 rcritatctn.
966 5592 1040 5659 Quod
1055 5593 1076 5646 si
1092 5594 1171 5648 etiarn
1184 5611 1232 5660 pro

439 5656 622 5723 magnitudino
638 5658 686 5719 rei,
701 5658 734 5711 dc
754 5674 803 5727 qua
817 5661 952 5728 qttteritar.
967 5677 1020 5716 nott
1038 5662 1113 5719 sacilc
1127 5665 1231 5720 intelle-

438 5727 635 5780 classensibus
654 5729 796 5796 qrmrcntis
815 5733 944 5794 occurrit,
967 5734 1080 5786 maxime
1101 5736 1122 5789 si
1138 5736 1170 5788 tio
1189 5736 1231 5788 in-

439 5796 622 5851 commutabili
635 5798 770 5853 t'nluntalc
781 5802 969 5869 omnipotentis
985 5803 1030 5857 ilci
1045 5803 1176 5859 divorsum
1188 5820 1233 5858 so-

439 5876 487 5918 net
498 5866 633 5920 canonicm
646 5870 810 5922 auctoritatis
826 5879 935 5941 utraque
955 5875 1084 5928 sctttcntia
1098 5894 1104 5928 :
1120 5877 1154 5928 ita
1170 5886 1233 5930 sttttt

440 5934 529 5987 omnia
544 5937 577 5989 ιιι
592 5937 697 6006 pietatis
709 5940 824 6008 regulam
840 5940 985 6010 dirigenda,
1001 5954 1028 5997 nt
1042 5960 1090 5999 ncc
1106 5947 1231 6014 injustum

439 6000 525 6059 Dcttm
539 6018 607 6070 csse,
625 6023 673 6061 ncc
693 6010 785 6062 nteritu
800 6011 962 6080 singulorum
976 6016 1102 6070 cnttlosa¹
1119 6017 1231 6086 quadam

474 6135 484 6167 ¹
502 6137 613 6190 lictorbtl
626 6140 723 6192 codices
731 6145 853 6206 omittunt,
865 6146 970 6208 condico.

1284 4689 1456 4745 personarunt
1472 4676 1625 4744 acceptione
1646 4684 1789 4741 taxantem,
1805 4693 1856 4733 nec
1870 4679 2013 4741 initimum.
2029 4685 2073 4753 qni

1283 4745 1353 4815 qnod
1367 4744 1479 4799 soluerit
1494 4760 1545 4798 non
1560 4746 1671 4801 valuerit
1684 4748 1827 4816 explicare,
1839 4750 1993 4805 inconcussa
2004 4752 2073 4807 dell·

1284 4814 1384 4869 tritionc
1399 4824 1527 4870 tencatur.

1318 4883 1430 4940 CAPUT
1450 4884 1481 4938 ll.
1494 4915 1529 4925 -
1538 4884 1565 4940 ι.
1582 4885 1636 4941 Sub
1647 4887 1724 4954 ltttJus
1738 4887 1817 4958 igitur
1829 4888 2072 4962 definitionisjngo,

1284 4970 1318 5010 nc
1329 4956 1354 5008 in
1370 4956 1524 5024 sacrilegam
1539 4957 1712 5011 temeritatem
1727 4958 1796 5012 malo
1815 4959 1896 5014 libera
1911 4961 1979 5015 colla
1995 4963 2072 5017 lutto-

1284 5029 1364 5089 rient,
1375 5025 1529 5094 qna-stionis
1544 5025 1630 5094 liujus,
1643 5038 1769 5093 qnantum
1783 5028 1838 5082 Dco
1851 5029 1967 5084 donante
1977 5046 2073 5099 possu-

1284 5109 1360 5157 mos,
1387 5095 1489 5148 occulta
1511 5109 1698 5163 memoremus,
1724 5114 1802 5167 qaam
1823 5099 1916 5154 boatus
1938 5103 2074 5168 apostolus

1283 5164 1383 5219 Paulas
1396 5164 1507 5217 diversis
1522 5165 1547 5218 in
1564 5165 1639 5230 locis,
1657 5183 1709 5220 nnn
1724 5183 1815 5236 parunt
1827 5171 1906 5222 etiarn
1917 5169 2073 5239 discrepan-

1285 5234 1354 5287 tibus
1369 5235 1455 5288 tcrbis
1469 5235 1594 5290 studiosis
1615 5239 1737 5305 proponit
1759 5240 1965 5301 scrutatoribus,
1981 5241 2073 5310 eisquc

1284 5318 1332 5374 prr
1352 5303 1434 5372 ipsam
1451 5305 1566 5373 loquitur
1586 5309 1734 5361 t'erimtrm.
1758 5308 1922 5362 Sententiam
1943 5311 2072 5380 siquidctn

1285 5375 1310 5426 in
1327 5373 1373 5427 Dei
1392 5373 1491 5442 gratia,
1508 5376 1673 5443 praecedento
1692 5378 1821 5431 latissima
1841 5390 1869 5432 ct
1889 5380 2073 5436 robustissima

1284 5443 1462 5511 disputatione
1474 5444 1635 5507 conlectam,
1652 5448 1687 5499 ita
1702 5448 1874 5508 concludens.
1886 5451 1933 5516 ait,
1947 5450 2017 5520 Ergo
2028 5467 2074 5504 cu·

1280 5515 1324 5584 joa
1337 5515 1388 5567 artlt
1401 5515 1537 5578 trisorctnr,
1551 5526 1573 5568 et
1588 5532 1660 5582 quem
1674 5520 1725 5570 trull
1738 5519 1840 5572 indurat
1854 5519 1940 5587 (Rom.
1956 5537 1992 5585 tr,
2009 5522 2074 5591 tat:

1284 5598 1344 5638 ctnn
1367 5585 1392 5636 iu
1411 5585 1461 5637 alia
1478 5586 1593 5652 Epistola
1615 5585 1648 5638 de
1667 5587 1754 5642 diuina
1769 5590 1951 5645 ltcncvnlcntia
1967 5591 2023 5658 ipse
2036 5593 2073 5646 sic

1284 5653 1364 5716 (licat,
1380 5654 1430 5720 Qui
1441 5657 1492 5707 cult
1506 5672 1590 5707 ontttrs
1601 5655 1712 5710 ltomittca
1721 5661 1802 5714 soltus
1816 5660 1882 5725 ficri,
1893 5670 1917 5713 cl
1927 5662 1953 5713 ιιι
1963 5661 2075 5728 opttilr'o·

1283 5741 1341 5777 ncm
1354 5725 1464 5777 veritatis
1478 5726 1560 5778 cortile
1573 5723 1593 5791 (l
1608 5724 1674 5778 Tt'nt.
1690 5743 1725 5790 tt,
1739 5729 1777 5795 d).
1791 5727 1910 5783 Occurrit
1924 5730 2010 5792 ettirn,
2027 5743 2076 5782 cur

1284 5803 1392 5862 porcani
1404 5810 1439 5849 cx
1454 5795 1494 5849 ltis
1506 5795 1603 5863 aliqui,
1625 5811 1685 5851 cum
1700 5799 1828 5865 otttnipnt·
1838 5815 1870 5852 ns
1890 5799 1959 5850 licus
1980 5814 2074 5851 ornnes

1284 5865 1406 5919 hotttines
1419 5865 1506 5919 salros
1528 5865 1583 5918 llori
1600 5867 1680 5923 telit.
1700 5869 1766 5922 etin
1781 5868 1941 5936 agnitionem
1955 5869 2074 5920 raritatis

1284 5936 1375 5989 uenire
1398 5953 1405 5987 ι
1429 5935 1525 5989 deiude
1547 5951 1594 5988 cur
1615 5952 1706 5992 rursus
1730 5938 1836 5990 intlurct
1857 5938 1935 6001 alios,
1953 5937 2076 5990 misertos

1284 6005 1395 6058 aliorum
1407 6022 1414 6068 ;
1426 6016 1471 6059 ant
1483 6005 1616 6076 quomodo
1631 6023 1723 6062 omncs
1734 6008 1823 6061 salros
1839 6006 1896 6060 lteri
1910 6006 1973 6060 t'rlit
1987 6004 2074 6060 hont-

1265 6089 1350 6139 .nes,
1370 6091 1430 6128 cum
1450 6076 1506 6147 ipsc
1527 6078 1666 6130 nonnullos
1687 6093 1720 6130 nc
1734 6077 1870 6130 salsentur
1891 6075 2004 6131 induret.
2020 6076 2076 6133 linc

1285 6152 1411 6214 qtrantum
1424 6146 1458 6201 ad
1469 6147 1609 6202 itomanam
1618 6146 1746 6216 justitiam
1758 6145 1863 6202 ridetur
1873 6146 2011 6218 iniustum.
2021 6146 2082 6202 set
