4900 6892
409 638 478 695 isat

748 634 871 692 ortuis
890 636 1100 693 thrsnt'sntt
1118 635 1255 694 CONTRA
1274 630 1454 710 lilltutttltt,
1474 640 1502 698 S.
1523 638 1707 700 uhchstttlt

924 824 1164 931 LIBER
1210 825 1524 933 SEXTUS.

436 986 546 1038 ostendit
557 989 702 1050 Augustinus
712 986 832 1037 tuliaunm
842 985 930 1036 lriistra
938 984 1001 1037 libro
1010 1000 1054 1035 sno
1065 995 1137 1037 scuto
1148 988 1272 1052 disputare
1283 994 1367 1038 contra
1379 988 1402 1037 id
1412 990 1475 1051 qttbtl
1489 989 1550 1039 lihro
1560 992 1668 1041 secundo
1682 992 1714 1041 dc
1726 994 1818 1055 nuptiis
1834 1001 1860 1046 et
1871 998 2053 1059 faucipiacen·

407 1051 449 1110 lia,
461 1051 539 1111 capite
552 1050 679 1108 trigesimo
691 1057 786 1113 quarto,
804 1057 925 1098 assertum
937 1056 983 1105 est,
993 1050 1062 1110 primi
1074 1049 1177 1099 hominis
1189 1058 1288 1112 peceato
1299 1056 1408 1098 naturam
1426 1052 1552 1100 humanam
1571 1052 1647 1101 inisse
1659 1054 1684 1102 iii
1694 1054 1807 1104 deterius
1817 1065 2005 1119 commutatam,
2022 1063 2053 1114 iia

406 1120 434 1161 nt
446 1125 494 1159 nou
505 1109 584 1159 solnm
595 1114 655 1160 iacta
666 1113 698 1160 sit
710 1110 842 1173 peccatrix,
856 1109 901 1159 sni
918 1113 990 1158 etiam
1007 1113 1123 1170 genuerit
1132 1111 1252 1174 deinceps
1270 1117 1421 1173 peccatores.
1432 1114 1509 1160 tiberi
1527 1115 1617 1163 arbitrii
1631 1116 1705 1170 uires,
1721 1118 1811 1179 quibus
1827 1119 1936 1181 integris
1955 1128 2052 1181 potu-at

406 1171 487 1229 homo,
501 1180 527 1221 et
538 1179 607 1220 reste
618 1185 703 1231 agere,
715 1185 770 1221 cuni
782 1168 868 1229 ietter,
881 1179 907 1220 et
918 1183 966 1219 tion
975 1184 1085 1232 peceare,
1097 1173 1117 1220 si
1132 1171 1217 1233 nollet,
1230 1171 1351 1234 peccando
1361 1185 1417 1219 etim
1430 1174 1564 1233 perdidisse
1575 1175 1646 1223 dcccl
1658 1189 1664 1223 :
1679 1175 1744 1226 iliani
1755 1184 1839 1227 autern
1851 1193 1954 1241 quorun
1967 1183 2054 1247 impro-

351 1252 354 1259 ·
406 1233 448 1284 bat
456 1233 622 1282 delinitioueni
634 1232 761 1288 liiiertatis,
774 1244 830 1293 quae
850 1233 937 1292 passim
949 1232 1065 1282 oli'eetari
1084 1234 1115 1281 ab
1126 1234 1264 1284 ailrersailo
1275 1232 1348 1293 solet,
1358 1229 1460 1291 scilicet,
1473 1235 1617 1284 uissihilitas
1629 1238 1742 1297 peccandi
1754 1246 1780 1288 et
1791 1253 1838 1288 non
1857 1243 1988 1302 pceoeuili,
2007 1250 2052 1295 etc

405 1297 505 1343 naiores
517 1295 709 1355 parturientium,
722 1296 811 1356 spinas,
824 1291 929 1349 latiores,
941 1247 1052 1352 sudores,
1064 1301 1216 1357 caeterasque
1228 1296 1363 1344 iiiortaliuiu
1375 1306 1496 1347 aerumnas
1508 1299 1591 1356 prolui
1609 1311 1691 1357 pannas
1709 1311 1766 1349 esse
1785 1303 1896 1362 qiecoeti;
1917 1303 1964 1351 sed

1982 1306 2055 1366 iifl!

404 1356 520 1427 inquiritis
533 1361 633 1426 moriani
644 1354 765 1427 pti-italam
778 1367 834 1403 esse
847 1355 945 1425 liuuiini,
957 1356 999 1417 qui
1010 1357 1045 1403 sic
1054 1355 1170 1425 diuinitus
1180 1357 1303 1407 institutus
1315 1361 1402 1413 luerat,
1412 1362 1442 1425 Ιιιι
1454 1357 1498 1405 uisi
1511 1365 1633 1417 peccaret,
1644 1373 1690 1407 nou
1703 1369 1850 1410 moreretur.
1861 1369 1978 1412 Exbeuia
1990 1375 2054 1427 purte

405 1414 459 1464 iiim
472 1419 649 1478 expositionem
660 1431 685 1464 ιιι
698 1415 755 1463 iilud
768 1414 870 1477 Apostoli
883 1421 891 1461 t
902 1424 953 1464 (ιιι.
964 1415 1058 1473 ruphi,
1068 1422 1131 1464 aaut
1142 1429 1168 1466 tu
1177 1417 1252 1467 Adoni
1263 1429 1343 1466 munes
1354 1423 1496 1470 aioinmtiiu
1511 1425 1536 1466 et
1551 1419 1575 1466 iu
1594 1420 1721 1481 sequentia
1733 1421 1843 1483 ejusdcm
1857 1426 2027 1485 capabilius,
2042 1440 2054 1477 a

405 1477 500 1526 tuliano
512 1477 627 1539 prolatam
640 1478 758 1538 expendit
769 1485 795 1526 ct
806 1476 906 1526 relellit.
918 1477 1025 1526 'l'aiiilciu
1036 1489 1081 1538 pei
1093 1484 1169 1527 tetnui
1180 1478 1233 1529 iere
1243 1478 1331 1527 libuini
1341 1479 1428 1585 dapum
1440 1477 1581 1527 canalium
1593 1479 1624 1528 tle
1636 1482 1747 1542 originali
1760 1485 1827 1542 illio,
1850 1487 1901 1533 noti
1913 1486 2054 1539 tuliamw

406 1539 557 1588 sianiehnani
569 1539 681 1587 haaesiiu
694 1538 792 1587 trahere
804 1540 895 1600 uhique
908 1539 1016 1595 enititur,
1030 1552 1077 1586 iuni
1089 1540 1160 1588 niodo
1170 1542 1260 1589 alicsm
1272 1538 1346 1600 longe
1358 1551 1371 1586 a

1383 1553 1389 1586 ι
1401 1538 1441 1586 iila
1453 1540 1550 1598 lueresi,
1562 1541 1689 1591 sedetiam
1698 1543 1811 1594 hnresiin
1823 1547 1829 1594 i
1850 1560 1854 1571 ·
1873 1559 1889 1594 n
1902 1547 2052 1599 deiuonstrat

405 1612 528 1661 nunqnam
539 1612 553 1647 a
565 1598 700 1662 i‘elagiauis
711 1612 783 1661 puisse
794 1600 840 1647 nisi
852 1597 963 1648 catholici
973 1600 1049 1662 ipsias
1060 1600 1180 1663 dogmatis
1188 1600 1279 1651 aniiilio
1288 1607 1314 1650 et
1326 1600 1477 1660 professione
1487 1602 1607 1663 superari.

1121 1705 1333 1761 affirmetis&

441 1807 461 1862 l.
476 1809 611 1865 inuitans.
623 1808 682 1863 lion
697 1807 790 1863 dubito
804 1806 936 1877 ejusmodi
959 1806 1113 1876 opinionem
1134 1803 1200 1858 hac-

406 1904 483 1953 teuus
503 1915 582 1970 snper
595 1909 685 1953 nostro
698 1898 779 1953 inisse
794 1896 950 1963 certamine,
971 1907 1002 1951 ut
1019 1895 1052 1950 ad
1075 1894 1201 1965 quaestio·

405 2003 467 2043 nem
484 1990 627 2042 inuolutam
642 1990 735 2058 magis,
756 2003 834 2057 qnam
850 1988 883 2041 ad
896 2003 1026 2042 summam
1038 1995 1158 2055 spectare
1170 1984 1200 2038 li-

404 2079 446 2133 dei
462 2081 624 2135 crederetur.
640 2080 735 2134 Procul
747 2080 844 2148 quippe
857 2079 891 2133 ab
906 2078 998 2133 studiis
1018 2076 1201 2146 spiritualibus

404 2172 545 2241 agitantes,
560 2170 625 2224 solis
637 2172 644 2201 ¹
660 2169 736 2224 iamm
750 2169 850 2223 anuilis
862 2176 1084 2234 contmovcutnr3
1098 2177 1198 2237 tempo

405 2279 517 2333 rumque
530 2263 701 2318 formidantes
712 2261 849 2325 iuvidiam,
860 2275 909 2316 uec
920 2270 1065 2330 compertae
1080 2259 1200 2314 raritatis

405 2356 561 2425 praesidinm
580 2363 700 2409 tenentos
713 2352 817 2427 (ntiere
838 2352 866 2407 iii
886 2352 965 2407 rebus
989 2352 1109 2422 trepidis,
1133 2352 1199 2407 unlli

405 2449 494 2503 miuus
506 2465 584 2518 quam
599 2449 649 2502 sibi
660 2447 777 2502 creditur
786 2446 810 2516 l,
824 2447 905 2500 tutius
915 2447 975 2511 iter,
987 2444 1058 2516 qnod
1073 2444 1200 2516 ircqncu·

406 2538 470 2605 tius,
491 2539 667 2593 arbitrantur.
876 2538 878 2542 '

439 2631 617 2684 Anuusrisus.
633 2629 671 2682 Eo
683 2627 846 2696 inopinatius
860 2635 901 2681 est
922 2625 973 2681 iter
992 2633 1124 2693 nostrum,
1146 2639 1199 2695 qno

405 2719 539 2788 antiquins
551 2736 558 2783 ;
569 2718 630 2787 quia
649 2719 809 2772 catholicum
827 2726 868 2771 est
881 2733 887 2770 :
900 2725 1018 2770 vestrum
1039 2730 1104 2770 uero
1126 2723 1200 2771 latito

405 2808 495 2860 minus
509 2807 645 2877 ireqneus,
658 2806 850 2877 quantomagis
863 2806 991 2861 noritiniu
1005 2808 1032 2870 ¹3
1045 2806 1106 2875 qnia
1118 2804 1200 2861 ltaerc·

407 2897 498 2952 ticum.

440 2987 594 3044 illinitur
609 2996 697 3043 antem
710 2987 736 3041 iu
750 2987 949 3057 praesentiarum
961 2986 1102 3041 dunhusen
1112 2986 1199 3040 causis

403 3076 581 3146 acciilittquia
593 3087 620 3131 ct
636 3077 766 3131 sententia
788 3075 993 3129 ltaiiictiaoiuin
1005 3074 1038 3129 tic
1057 3074 1198 3129 eriruluniu

404 3178 446 3223 est
459 3169 568 3238 probata
583 3169 702 3223 coiisiliis
715 3168 744 3232 ³,
761 3174 788 3221 et
801 3167 894 3222 excitae
909 3167 1123 3235 persecutionum
1138 3180 1200 3235 pio·

404 3258 478 3312 cellae
493 3259 584 3326 inopes
596 3257 730 3326 spiritusa
743 3257 862 3310 veritatis
877 3254 967 3309 struere
980 3256 1127 3311 deterrent.

439 3351 507 3406 linc.
530 3349 669 3415 Quomodo
694 3358 735 3403 est
754 3349 805 3403 iter
823 3347 987 3418 ireqnentins
1008 3348 1042 3402 tle
1065 3348 1196 3404 sententia

403 3442 617 3507 liauichmoinm,
630 3456 690 3496 enm
702 3442 756 3494 siut
768 3438 910 3494 admodum
925 3439 997 3493 rarii
1010 3451 1055 3493 ant
1066 3440 1200 3510 quomodo

407 3535 622 3606 persecutionem
638 3550 686 3605 pro
699 3535 810 3589 ueritate
824 3533 954 3602 patimini,
977 3532 1021 3602 qni
1043 3532 1199 3589 subtrahitis

402 3629 528 3699 parvidus
541 3627 694 3682 Salrateri?

438 3719 481 3773 iil.
492 3719 550 3775 ini.
564 3719 628 3772 Pais
638 3719 717 3788 igitur
726 3724 753 3770 et
762 3716 890 3786 voluptati
901 3716 1044 3770 cousulens
1054 3724 1081 3770 et
1094 3715 1198 3784 pareri,

402 3809 444 3864 vel
457 3809 600 3873 areiiae,rcl
610 3807 726 3871 circinat
736 3822 822 3861 scenae
833 3806 936 3876 populis
947 3807 1071 3862 comitata
1085 3806 1198 3872 luxuria,

403 3900 523 3952 ambiens
534 3900 559 3951 in
571 3898 694 3952 omuibus
714 3892 820 3966 flagitiis
836 3896 981 3951 obtendere
1001 3897 1200 3961 necessitatem,

403 4006 454 4058 qua
468 3989 603 4044 commissi
619 3988 717 4042 invidia
732 4003 838 4056 semper
849 3987 961 4052 leuatur,
975 3996 1000 4039 ct
1011 3984 1130 4055 fingeres
1147 4000 1197 4040 sae·

406 4082 459 4135 culi
474 4079 692 4150 praevaricatione
703 4078 787 4132 uitare
804 4097 810 4131 :
825 4076 861 4132 ea'
871 4091 935 4146 ergo
948 4086 1018 4140 snut,
1031 4091 1090 4146 qnae
1113 4075 1198 4129 cuiui-

408 4176 529 4227 latiorem
543 4173 644 4228 saciant
655 4172 779 4227 iitloiuni
791 4170 981 4225 defensionem.
994 4169 1034 4222 Ex
1044 4183 1097 4238 quo
1108 4177 1197 4224 tamen

409 4267 487 4338 uulgo
500 4282 561 4337 pars
575 4266 701 4331 niaxima,
718 4271 747 4317 nt
760 4264 884 4333 praetiatus
898 4277 968 4328 sum,
982 4260 1157 4315 Tradueianis
1171 4269 1200 4316 et

405 4360 550 4416 Giitliolicis
562 4359 603 4414 rel
614 4357 648 4412 de
658 4358 712 4411 ileo
725 4357 841 4410 rationes
852 4353 965 4410 credidit
980 4367 1137 4407 consonare.

442 4453 509 4507 sie.
522 4448 726 4505 innumerabilis
745 4446 887 4501 multiliuio
902 4446 1030 4508 iidelinin,
1057 4454 1116 4515 quac
1136 4457 1199 4513 pre·

404 4542 485 4596 missa
499 4549 539 4594 cst
560 4540 672 4595 Abrahae
689 4536 775 4610 (Geir.
796 4552 862 4600 iiiii,
883 4535 956 4607 ll),
979 4535 1055 4605 quasi
1080 4550 1095 4587 a
1124 4533 1200 4589 iuliis

404 4633 520 4703 vulgaris
545 4632 619 4685 lnrba
640 4629 837 4684 eonteiiuiltui:
861 4627 921 4696 quia
945 4627 1067 4681 uidelicet
1097 4625 1198 4696 paneis,

403 4723 640 4794 qnosi'eiagiauos‚
648 4719 698 4773 boc
706 4717 873 4782 est,ieueiiis
886 4717 993 4771 novitiae
1004 4717 1199 4786 pesiisinsanos

404 4814 499 4878 iacitiS,
512 4820 600 4883 potest
609 4812 714 4881 placere
727 4808 797 4880 quod
808 4807 967 4873 ilicit'iS‚tam
981 4807 1133 4863 evidentem
1147 4808 1199 4861 uii-

406 4906 503 4958 seriam
516 4905 620 4974 geueils
634 4902 752 4963 humaui,
765 4916 825 4971 quae
839 4908 950 4970 apparet
964 4899 990 4953 iii
1006 4900 1078 4969 graii
1089 4900 1153 4970 jugo
1166 4898 1198 4954 li·

404 4994 500 5048 llorum
518 4994 632 5048 lliiaiua
655 4993 700 5048 die
719 4993 806 5047 exitiis
825 4988 860 5045 de
874 4998 969 5045 i'eutre
992 4991 1084 5044 matris
1104 5006 1198 5045 eornm

404 5087 414 5157 l
428 5085 506 5139 b'ccli.
519 5099 562 5147 si,
575 5084 586 5138 l
600 5081 621 5154 ),
633 5082 666 5136 de
676 5082 776 5151 precati
786 5080 984 5151 nierito,quoin
997 5079 1103 5134 immine
1112 5081 1199 5149 prime

404 5184 497 5231 natura
509 5173 623 5228 humana
641 5172 731 5226 uitiata
752 5179 802 5234 cst,
818 5184 871 5224 nou
886 5171 986 5227 reuirc.
1003 5170 1080 5226 Unde
1095 5185 1142 5225 ros
1156 5185 1199 5226 sc·

403 5260 504 5327 quitur,
517 5257 574 5312 uisi
589 5270 668 5312 uenio
682 5263 827 5325 peccasset,
835 5255 966 5323 cogamini
979 5254 1057 5309 eliam
1072 5253 1160 5309 dicere
1171 5254 1199 5308 in

403 5350 526 5420 paradiso
536 5349 622 5404 sutura
634 5348 713 5403 luisse
726 5348 871 5403 nonsuium
885 5356 954 5403 tutet
964 5356 1036 5401 tauta
1048 5361 1129 5401 onera
1142 5362 1199 5402 me·

405 5438 553 5503 lestiariim,
565 5455 630 5509 quas
645 5438 766 5494 videmus
777 5438 901 5507 parvulos
913 5437 984 5493 ierre
995 5454 1002 5502 ;
1014 5452 1106 5491 rernm
1118 5439 1197 5492 etiam

404 5540 444 5587 tot
457 5542 483 5585 ct
503 5540 574 5585 tauta
590 5533 653 5585 uitia
665 5532 832 5601 ingeniorum
848 5541 875 5586 et
893 5546 1048 5600 corporum,
1063 5545 1123 5585 eum
1136 5528 1197 5600 qui·

404 5626 452 5679 lius
467 5624 589 5696 plerique
605 5634 758 5678 nascautur.
776 5624 804 5678 lu
819 5638 870 5693 quo
896 5622 1029 5678 felicitatis
1049 5627 1077 5676 et
1099 5621 1197 5690 qnietis

404 5717 462 5771 inco
481 5716 721 5782 etiantsuscepuim
736 5724 863 5780 uestram,
884 5729 935 5782 qna
957 5728 1019 5766 caro
1032 5713 1196 5782 concupiscit

436 5896 444 5924 ι
462 5894 498 5941 sic
508 5899 561 5941 tiss.
573 5896 598 5939 lu
610 5890 689 5951 iugo,
701 5886 754 5938 seli.

435 5956 446 5985 ¹
462 5955 539 6002 trilex
551 5961 622 6011 nort,
634 5963 728 6000 iioiaim.

437 6015 447 6045 ⁸
463 6013 544 6071 timei,
556 6013 629 6062 eliam
642 6014 709 6068 urit,
722 6026 745 6074 p.
760 6011 812 6068 itt,
831 6013 866 6061 sic
878 6011 939 6073 legit
949 6011 1013 6060 liunc
1029 6008 1124 6059 lenm:
1137 6011 1197 6070 pitia
1225 6049 1230 6059 .

404 6075 519 6126 uiitauia
527 6074 713 6126 uiaticiicaaiuiu
721 6071 752 6124 tle
763 6071 932 6125 crmdnnmcst
939 6072 1032 6131 cidara
1040 6071 1154 6125 coimltia
1167 6078 1195 6123 n.

1254 1800 1381 1858 aduersus
1392 1805 1525 1874 spiritum,
1541 1805 1679 1863 libidinem
1692 1809 1806 1878 ponitis;
1820 1821 1848 1867 et
1861 1826 1913 1866 nos
1935 1814 1981 1884 qui
1994 1830 2050 1871 cam

1254 1900 1378 1963 tauquam
1386 1895 1568 1951 aduersarium
1577 1898 1668 1953 uitium
1676 1909 1768 1955 contra
1780 1903 1992 1971 concupiscente
2003 1908 2053 1975 spi·

1254 1984 1306 2038 ritn
1316 1984 1488 2052 debellamus,
1506 1987 1603 2043 clausis
1615 1990 1701 2046 oculis
1719 1994 1850 2047 accusatis
1865 1996 1939 2050 velut
1949 1997 2049 2053 amicos

1253 2075 1395 2144 uoluptatis
1404 2078 1566 2144 ctlnrnriaa;
1578 2079 1603 2133 iii
1612 2094 1691 2149 quani
1703 2083 1790 2138 nuilus
1801 2082 1935 2153 flagitiose
1949 2101 1981 2141 ac
1994 2098 2047 2143 tur·

1253 2165 1322 2235 piter
1345 2167 1425 2233 cadit,
1449 2169 1498 2223 uisi
1513 2169 1558 2239 qni
1577 2179 1672 2225 vestrm
1686 2170 1723 2225 illl
1742 2183 1887 2243 susceptae,
1899 2191 1980 2245 quain
2002 2192 2048 2235 uua

1252 2258 1398 2327 arguimus,
1410 2275 1457 2315 ros
1466 2259 1620 2329 delenditis,
1633 2262 1785 2319 sollicitanti
1791 2265 1971 2339 suadentique
1979 2284 2043 2326 cca·

1252 2348 1344 2404 sentit.

1288 2436 1505 2495 lilonicum
1519 2441 1580 2511 quia
1596 2453 1623 2498 et
1634 2443 1660 2497 iii
1675 2444 1760 2513 primo
1772 2453 1800 2500 et
1814 2445 1839 2500 iu
1851 2449 1979 2517 presenti
1992 2462 2046 2505 ωι-

1254 2531 1373 2599 tamine,
1397 2535 1627 2602 aignnicutatione
1646 2536 1786 2606 Augustini
1805 2538 1905 2594 claruit
1925 2556 1977 2596 uon
1990 2556 2046 2601 ene

1253 2636 1313 2676 cnm
1329 2623 1555 2680 Tradneiauorum
1571 2627 1675 2694 Deum,
1695 2644 1773 2697 quem
1789 2629 1937 2687 Christiani
1948 2634 2044 2704 iustum

1252 2722 1334 2784 atque
1345 2716 1462 2769 omnium
1474 2716 1640 2771 conditorem
1651 2719 1803 2774 concinenti
1814 2722 1965 2779 assertione
1975 2739 2046 2783 ictis

1252 2816 1366 2869 rantur;
1389 2808 1516 2878 praecipio
1538 2810 1545 2839 ¹
1565 2808 1619 2878 jam
1634 2810 1732 2874 animo,
1756 2826 1810 2881 qno
1830 2812 1942 2881 plurimi
1958 2830 2044 2871 eom

1252 2909 1367 2963 qnoque,
1381 2896 1427 2966 qni
1439 2912 1513 2952 caco
1526 2912 1617 2953 errore
1630 2898 1698 2969 lapsi
1712 2909 1784 2963 snut,
1800 2900 1842 2955 liis
1855 2903 1954 2974 agnitis
1965 2904 2043 2961 carri·

1252 2992 1358 3052 gantur.

1288 3077 1357 3131 ilru.
1379 3076 1435 3131 lino
1454 3093 1528 3144 iero,
1546 3078 1586 3133 liis
1601 3081 1708 3151 agnitis,
1729 3096 1789 3152 ane
1805 3091 1852 3138 tno
1873 3082 1962 3140 laliaci
1976 3086 2044 3143 ratti-

1252 3166 1341 3236 loquio
1363 3168 1510 3222 secundnm
1534 3171 1653 3225 veritatis
1673 3172 1869 3241 respondemus
1894 3154 2043 3245 eloquiun,

1252 3258 1386 3311 neminem
1401 3258 1426 3311 iii
1438 3274 1530 3313 errore
1543 3258 1653 3316 liiercsis
1663 3270 1760 3317 restrae
1770 3263 1821 3317 uisi
1834 3263 1918 3319 nimia
1928 3266 2044 3322 vaurdis

1253 3346 1295 3402 vel
1312 3348 1458 3417 pervicacia
1472 3348 1610 3404 detinebit.

1290 3436 1320 3489 V.
1341 3437 1400 3491 liic.
1422 3437 1512 3493 Credit
1525 3439 1622 3510 qnippe
1644 3438 1785 3495 adversum
1802 3457 1851 3497 uos
1866 3444 2042 3509 staulctiais.

1253 3528 1407 3583 naturaliter
1423 3530 1549 3585 mortales
1563 3531 1589 3583 iii
1602 3530 1699 3601 ilagitla
1713 3531 1886 3604 facinoraque
1904 3526 2042 3609 compelli:

1253 3622 1377 3690 opinatur
1397 3623 1568 3676 tenebrarum
1590 3624 1719 3692 originem
1741 3632 1768 3678 cl
1788 3624 1948 3695 corporibus
1969 3636 2045 3681 mats·

1256 3710 1323 3764 riam
1344 3719 1370 3764 et
1388 3710 1544 3765 criminibus
1565 3709 1720 3782 praestitisse
1734 3730 1742 3777 ;
1758 3713 1923 3784 voluptatem
1940 3728 2039 3771 sennan

1254 3802 1341 3856 talieiu
1352 3803 1362 3833 ¹
1374 3817 1433 3857 esse
1447 3803 1554 3872 generis
1567 3803 1686 3870 immani,
1699 3807 1871 3861 assertricem
1883 3807 1950 3876 juris
1962 3806 2043 3863 eliaba

1253 3892 1314 3959 lici,
1335 3903 1362 3948 et
1384 3892 1410 3947 iii
1431 3896 1553 3948 nniiersa
1569 3893 1700 3949 dedecora
1720 3894 1859 3949 homiuum
1881 3898 2040 3953 coactricem.

1252 3981 1336 4050 anin
1351 3982 1533 4039 Tradncianns
1553 3980 1722 4038 ouuiiiiiriam
1738 3998 1865 4049 secutus,
1881 3988 1977 4059 qnippe
1990 3987 2040 4057 eins

1253 4072 1339 4126 lueres
1351 4081 1379 4128 ct
1390 4073 1506 4139 seiteina,
1522 4075 1652 4129 naturalia
1665 4076 1789 4144 crimina,
1803 4085 1935 4131 aetcruaiu
1946 4077 1996 4133 'de
2006 4086 2039 4132 tc·

1253 4163 1367 4218 nebrosu
1381 4163 1464 4216 nihilo
1474 4165 1536 4218 mali
1550 4165 1747 4232 necessilatem,
1764 4175 1791 4221 el
1805 4165 1975 4223 allectionem
1985 4182 2037 4223 sen·

1252 4254 1326 4309 sibus
1355 4254 1512 4310 destinatam
1540 4264 1693 4311 sanctornm
1726 4260 1847 4311 omnium
1882 4260 2034 4328 pottuiiioeu

1252 4354 1332 4413 atque
1348 4347 1489 4416 imaginem
1511 4347 1558 4401 ilci
1579 4348 1606 4401 in
1626 4362 1710 4418 regno
1729 4347 1830 4404 diaboli
1852 4349 2033 4417 collocantem.

1252 4437 1373 4491 oratioue
1394 4437 1533 4506 multiplici
1556 4446 1675 4493 testatur.

1287 4532 1354 4585 rina.
1373 4530 1535 4586 llanicliaens
1550 4540 1672 4586 naturam
1688 4532 1751 4587 mali
1766 4533 1977 4591 substantialiter
1989 4532 2031 4589 nu
2075 4572 2078 4623 p

1251 4621 1322 4677 bono
1333 4628 1504 4688 coaeternam,
1518 4633 1611 4676 eontra
1624 4622 1784 4678 catholicam
1799 4619 1942 4681 mritatcm
1953 4627 2028 4694 stiga

1251 4713 1299 4768 lari
1314 4712 1420 4768 iesaiiia
1435 4713 1566 4768 fabulatur
1581 4733 1587 4768 :
1600 4716 1699 4771 ueritas
1711 4726 1802 4772 antem
1815 4701 1949 4775 catholiea
1962 4719 2027 4773 bera

1251 4803 1337 4859 solum
1353 4804 1411 4859 sine
1425 4805 1477 4858 ullo
1492 4805 1603 4860 exordio
1619 4808 1761 4862 confitetur
1774 4817 1907 4865 aeteruum
1919 4828 1928 4876 ;
1941 4826 1987 4865 uait
1996 4824 2028 4863 ta·

1252 4895 1306 4949 lnui
1317 4895 1425 4960 bonnm,
1438 4895 1508 4964 qnod
1522 4904 1549 4949 et
1558 4896 1603 4950 illc
1612 4896 1690 4961 dicit,
1702 4912 1795 4953 rerum
1806 4901 1888 4954 ctiam
1900 4896 2026 4955 immutabi-

1251 4986 1316 5054 lem,
1335 4988 1407 5059 qned
1427 4987 1471 5042 ille
1491 5003 1543 5041 nou
1566 4988 1639 5043 dicit.
1663 4988 1738 5044 ilnuc
1756 5006 1823 5061 ergo
1844 4992 1928 5047 benni
1944 5000 2024 5045 suunt

1252 5077 1370 5144 bonum,
1388 5086 1415 5132 et
1428 5078 1463 5131 ab
1483 5076 1532 5133 linc
1550 5079 1659 5133 omniun
1681 5079 1896 5148 immutabilem,
1916 5080 1957 5136 cni
1969 5076 2020 5133 unilt

1252 5178 1345 5223 natura
1362 5181 1494 5224 coaeterua
1510 5180 1561 5237 cst,
1577 5186 1636 5239 qnae
1651 5187 1704 5225 non
1718 5172 1843 5243 estquod
1859 5178 1927 5243 lpse.
1941 5185 1982 5227 net
1992 5180 2021 5220 ri*

1251 5267 1292 5314 set
1306 5261 1357 5315 uisi
1373 5258 1441 5314 iacta
1456 5269 1537 5323 esset,
1554 5275 1606 5315 nou
1622 5261 1656 5317 de
1668 5262 1742 5331 ipso,
1758 5263 1806 5317 sed
1821 5273 1910 5317 tamen
1924 5263 1955 5317 ali
1965 5261 2018 5329 ipa.
2077 5328 2079 5349 ,

1239 5350 1301 5405 linc
1314 5360 1365 5417 cst,
1379 5365 1432 5404 nou
1445 5350 1477 5404 de
1490 5359 1583 5405 uatnia
1596 5351 1663 5420 ejns,
1679 5351 1725 5406 seii
1739 5355 1859 5422 potentia
1874 5364 1957 5408 tamer
1966 5346 2016 5419 rins

1250 5442 1377 5497 adsersus
1388 5440 1592 5496 ilauichaaoinm
1605 5442 1768 5497 dementiam
1786 5436 2017 5512 praedicaminis

1251 5543 1358 5604 tamque
1373 5544 1505 5599 naturam,
1519 5549 1579 5604 quar
1594 5534 1665 5589 uuila
1678 5548 1739 5589 csse
1757 5537 1899 5605 potuisset,
1913 5534 1958 5590 uisi
1966 5541 2014 5585 aaa

1250 5625 1374 5696 quanti-is
1390 5639 1443 5678 uon
1460 5625 1494 5679 ile
1511 5640 1540 5680 so
1555 5625 1629 5695 ipsa,
1651 5634 1739 5681 tamen
1760 5628 1931 5699 ouuiipetens
1948 5629 2013 5679 ualuit

1251 5714 1374 5783 iecisset,
1392 5717 1489 5771 bunum
1504 5732 1565 5772 csse
1579 5716 1685 5786 quidem
1701 5720 1801 5775 scimus
1814 5728 1841 5775 et
1855 5702 2012 5777 ticiniensi

1282 5891 1290 5920 ¹
1309 5890 1452 5951 i'igiiierins,
1467 5887 1580 5951 percipio.

1281 5952 1291 5982 ¹
1308 5953 1344 5998 sic
1357 5959 1407 5998 ttss.
1422 5958 1445 5998 ln
1459 5951 1587 6005 tigulerio.
1599 5949 1678 5999 lulem.
2002 5986 2005 5993 -

1278 6013 1344 6082 Jsie
1355 6018 1393 6057 us.
1408 6019 1538 6061 tiniarum.
1561 6012 1601 6060 alit
1623 6025 1682 6061 iero
1703 6024 1759 6062 cum
1771 6012 1853 6075 editis,
1871 6003 2011 6062 inridre·

1249 6084 1314 6124 nium
1324 6080 1424 6123 naarai.
