4900 6892
418 801 553 861 interestne
567 794 586 847 ¹.
601 790 659 847 Non
672 788 750 862 igitur
760 804 819 846 eam
833 784 881 845 bei
893 788 1082 858 omnipotentis
1095 788 1207 858 aequitas

417 892 527 955 negaret
539 880 778 938 innumerabilibus
804 880 932 952 paruulis,
957 880 1000 951 qui
1025 877 1207 935 siueltaesnb

395 968 476 1048 ‘ejus
498 974 691 1046 omnipotentia
714 972 873 1034 moriuntur.
898 972 921 1026 si
941 972 1004 1026 nrali
1026 973 1091 1027 nibil
1105 971 1132 1025 in
1149 967 1207 1040 ejus

394 1046 401 1052 ⁶
416 1068 523 1125 occulto
541 1066 641 1138 judicio
656 1073 833 1121 mererentur.
855 1064 945 1135 Aque
955 1062 1055 1133 judicio
1070 1062 1104 1116 de
1125 1061 1208 1129 stirpe

416 1158 501 1215 Adam
514 1157 681 1214 seruientibus
692 1157 815 1213 omuibus
825 1155 925 1220 debito,
938 1156 1098 1226 quicumque
1110 1168 1208 1208 secuu-

415 1250 481 1307 dunt
493 1252 618 1323 gratiam,
633 1264 686 1306 uon
699 1249 844 1306 secuudum
855 1249 974 1304 debitum
985 1249 1141 1313 liberantur,
1155 1259 1207 1301 nort

416 1341 444 1396 in
455 1341 513 1396 suis
527 1340 639 1407 rueritis,
655 1339 702 1394 scd
717 1339 743 1394 in
761 1339 874 1394 [lumino
892 1339 1048 1409 glorientur.
1078 1337 1130 1392 l'os
1144 1352 1208 1408 ergo

416 1431 439 1486 si
451 1444 545 1487 carcre
569 1429 648 1485 uultis
668 1428 824 1501 opprobrio,
845 1444 898 1500 quo
918 1429 1045 1483 Ecclesiae
1067 1427 1207 1483 cattnuttee

416 1524 588 1583 detestabiles
600 1521 659 1577 laeti
673 1524 748 1586 estis,
770 1518 849 1577 sinite
863 1521 997 1578 Christum
1019 1521 1133 1592 paruulis
1147 1535 1207 1576 esse

413 1613 517 1670 lesum.
538 1613 614 1683 Qutitd
630 1615 739 1669 «turatino
755 1630 807 1668 non
823 1614 883 1679 erit,
906 1612 929 1668 si
951 1625 1005 1668 rien
1028 1613 1067 1668 eis
1087 1609 1208 1667 coniuret

413 1705 606 1777 propterquod
623 1705 675 1761 boc
696 1721 793 1761 rtonreu
808 1706 919 1776 accepit,
933 1705 957 1759 id
972 1713 1023 1772 cst,
1043 1705 1065 1759 si
1084 1720 1137 1759 uon
1159 1718 1207 1760 cos

414 1795 504 1850 salros
526 1794 603 1851 lacict
625 1812 641 1851 a
668 1797 783 1866 pcccatis
806 1812 898 1852 eorum
921 1795 1028 1869 (illottlr.
1043 1813 1061 1860 ι,
1076 1796 1135 1867 il).
1151 1795 1208 1853 lloc

413 1885 496 1958 igitur
509 1886 543 1942 de
557 1887 606 1942 ista
624 1889 707 1958 gratia
721 1886 811 1952 dieite,
828 1897 856 1942 ut
871 1887 1019 1944 olleasione
1042 1886 1206 1945 Christiano·

414 1994 474 2034 rum
487 1978 521 2035 de
532 1995 582 2050 qua
596 1979 789 2055 coitquerimini
801 1980 928 2045 careatis,
943 1979 1014 2049 quod
1033 1980 1100 2034 dixit
1114 1979 1206 2036 cutbe-

412 2072 482 2129 licns
498 2072 592 2128 doctus
604 2073 750 2144 doctorque
765 2071 925 2144 Gregorius:
939 2091 948 2125 ι
962 2071 1098 2129 tenerare
1112 2073 1207 2128 tratiri-

415 2174 508 2230 tatem,
521 2179 656 2235 perquam
667 2163 935 2220 teuenenatiritatis
949 2163 1062 2218 viriculis
1077 2162 1206 2220 liberatus

412 2268 454 2308 es.
473 2271 483 2306 ι
505 2253 582 2309 Nullo
597 2255 686 2325 itaque
701 2253 827 2309 modoad
842 2254 919 2308 istam
935 2255 1048 2324 gratiam
1072 2254 1206 2324 pertinere

414 2345 539 2414 parrulos
555 2343 730 2411 confitemini,
753 2343 880 2415 quamdiu
893 2344 995 2414 negatis
1007 2359 1054 2399 eos
1070 2343 1207 2401 nativitate

412 2434 543 2491 coelestia
557 2443 670 2489 terrenae
685 2434 834 2489 natiuitatis
848 2433 961 2488 uinculis
977 2434 1096 2490 liberari.

448 2523 517 2580 tlt.
535 2523 595 2581 lut.
607 2522 673 2592 Quae
686 2525 824 2594 quoniam,
851 2534 879 2579 ut
890 2524 966 2578 loeus
979 2523 1084 2579 iuterim
1104 2525 1148 2580 bic
1162 2539 1208 2594 pa·

412 2613 541 2678 tielratur,
561 2614 672 2680 muniri,
697 2622 863 2669 revertamur
877 2614 923 2668 illo
947 2613 1017 2668 urtde
1037 2613 1150 2684 digressi
1160 2629 1207 2669 su·

411 2719 492 2770 mus;
516 2705 551 2760 de
572 2704 623 2759 boc
634 2705 701 2775 ipso,
731 2704 890 2775 ubicumque
904 2699 1095 2774 'opportunum
1115 2703 1205 2772 luerit,

412 2795 521 2868 plenius
535 2795 659 2850 locuturi.
683 2794 752 2850 Ecce
772 2803 870 2865 quanta
890 2793 1067 2849 confessionis
1088 2794 1158 2862 luce,
1180 2803 1208 2849 ct

413 2887 519 2958 eosqui
534 2886 666 2955 llaptisma
678 2885 796 2956 paruula
806 2884 979 2956 denegarent,
990 2893 1072 2941 etrus
1087 2885 1133 2956 qui
1147 2900 1206 2956 etus

411 2977 567 3048 prejudicio
575 2977 705 3048 justitiam
718 2975 764 3030 liei
775 2975 879 3031 audetis
891 2975 1035 3041 maculare,
1044 2977 1204 3047 reprobari:

413 3081 566 3142 protestans
579 3069 651 3124 aliud
664 3085 707 3125 me
727 3085 779 3131 non
795 3079 897 3135 tenere,
911 3085 990 3139 quam
1005 3069 1124 3125 instituta
1145 3085 1205 3142 my·

411 3163 495 3218 steria
510 3162 615 3226 iisdem,
634 3161 731 3232 quibus
744 3158 838 3214 tmdita
863 3168 925 3214 suunt
939 3161 950 3191 ¹
965 3159 1064 3225 uerbis,
1091 3161 1205 3215 inomni

414 3271 525 3328 prorsus
538 3264 615 3310 etate
626 3269 686 3310 esse
698 3251 845 3317 tractanda,
870 3268 920 3308 nee
935 3264 983 3320 pro
997 3267 1138 3309 caursarnm
1158 3268 1204 3304 ru-

412 3348 509 3404 rictatc
534 3346 633 3404 debere
657 3347 878 3401 rttuturizrcrum
895 3344 952 3399 duri
982 3353 1148 3414 peccatorem
1171 3359 1205 3399 ex

412 3436 614 3508 ntarloperleete
635 3437 751 3503 bouunt;
775 3437 946 3491 innocentem
966 3444 1055 3489 autem
1077 3435 1121 3505 qni
1141 3435 1204 3489 nttl·

413 3532 470 3586 lum
486 3528 564 3585 babet
578 3526 678 3584 malum
701 3528 814 3598 propri-m
829 3526 984 3591 roltmtatis,
1008 3541 1041 3580 cx
1063 3525 1133 3579 bone
1147 3525 1204 3579 lieri

412 3617 564 3685 meliorem,
591 3617 692 3681 idest,
721 3618 850 3687 optimum
866 3634 872 3669 :
888 3625 916 3670 ut
940 3614 1019 3670 ambo
1044 3613 1151 3685 quidem
1176 3614 1204 3668 in

409 3712 510 3769 Christi
521 3711 639 3767 rrrcrnbra
650 3717 786 3764 transeant
797 3708 961 3773 consecrati;
977 3706 1024 3762 scd
1034 3705 1206 3775 unnsdepre·

410 3805 511 3858 lterisus
526 3803 552 3856 iu
567 3801 634 3856 rnala
650 3801 714 3866 rita,
730 3800 799 3855 alter
812 3799 838 3854 in
850 3799 917 3854 bona
940 3808 1045 3852 natttru.
1070 3797 1116 3852 llle
1130 3797 1203 3853 enim

409 3893 589 3948 innocentiam
600 3905 680 3962 qurum
694 3894 803 3945 exortus
816 3895 968 3958 acceperat,
995 3903 1075 3957 prava
1098 3887 1204 3944 aetlortc

411 3983 533 4054 corrupit
548 4001 555 4038 :
569 3982 612 4038 bie
625 3996 689 4036 rero
701 3981 759 4036 sine
776 3978 865 4045 laudc,
888 3981 946 4033 sine
960 3978 1072 4033 crimine
1084 3979 1204 4034 volutata-

412 4076 458 4144 tis,
474 4075 525 4129 boc
538 4074 623 4129 solum
637 4071 728 4139 babet,
742 4071 812 4141 quod
826 4086 841 4124 a
856 4070 910 4125 beo
923 4069 1061 4124 conditore
1074 4072 1200 4140 suscepit,

414 4171 461 4240 qui
472 4168 585 4224 infucata
601 4165 920 4238 ’priutaeritatelelicior,
936 4165 1036 4221 bouum
1045 4165 1202 4236 simplicita-

413 4259 449 4314 tis
462 4273 517 4313 suae
532 4259 626 4314 ritiare
636 4273 688 4312 tren
713 4256 809 4326 putuit,
824 4255 924 4310 nullum
940 4254 1040 4310 babens
1049 4254 1082 4311 de
1100 4257 1203 4312 actibus

411 4349 548 4417 nteritum,
561 4349 607 4405 sed
620 4348 672 4404 boc
686 4349 771 4404 sulum
786 4348 915 4414 retinens,
934 4346 1005 4418 quod
1020 4347 1085 4403 tanti
1100 4346 1204 4418 opificis

408 4438 565 4509 dignatione
578 4439 705 4509 possedit.

447 4529 518 4585 doe.
532 4527 622 4596 Quare
631 4542 695 4600 ergo
709 4528 890 4599 grareJugum
904 4544 1056 4600 supereum
1068 4545 1083 4585 a
1094 4529 1138 4586 die
1157 4546 1203 4587 ex·

409 4619 465 4675 itus
478 4618 512 4674 de
527 4629 619 4674 reutre
640 4620 732 4674 matris·
746 4618 804 4688 ejus
824 4618 917 4693 (b'ccli.
933 4636 977 4687 aa,
992 4621 1018 4692 l)
1032 4620 1043 4674 'l
1062 4618 1116 4676 Cur
1130 4630 1202 4677 tanta

411 4710 619 4781 corruptibilitas
629 4711 758 4781 eorporis,
769 4710 851 4766 utbae
863 4713 1037 4783 aggravetur¹
1049 4713 1137 4768 anima
1145 4714 1203 4783 ejus

317 4838 322 4846 ·
413 4803 490 4874 (Sep.
504 4817 542 4868 tx,
554 4801 754 4872 l5llCnrtanbt
764 4802 861 4857 mentis
874 4803 1009 4871 obtunsio,
1020 4811 1049 4858 ut
1058 4804 1138 4859 etiam
1147 4806 1203 4875 pla·

409 4894 450 4964 gis
460 4891 716 4947 erudiaturtarditas
729 4891 808 4963 ejus?
818 4892 972 4964 Quousque,
986 4894 1102 4960 iuliane,
1114 4897 1202 4966 gravis

410 5000 440 5038 es
455 4980 707 5053 cordetquousque
717 4982 806 5054 diligis
821 4985 974 5050 tantitatem,
986 4994 1012 5040 et
1022 4988 1121 5056 queris
1132 5002 1203 5042 men·

408 5072 515 5127 dacium
531 5069 615 5142 (Paul.
630 5088 667 5140 tv,
683 5073 722 5144 3),
747 5089 801 5144 qtm
813 5083 900 5128 restra
924 5074 1034 5130 haeresis
1055 5074 1201 5131 fulciatur?

409 5163 545 5235 Numquid
557 5167 580 5221 si
593 5181 672 5221 neure
685 5174 840 5236 peccasset,
858 5167 880 5219 si
894 5173 986 5221 natura
999 5166 1114 5222 bumana
1128 5169 1154 5223 in
1170 5185 1201 5224 ca

409 5271 462 5326 qua
471 5255 581 5311 condita
593 5265 633 5311 est
647 5256 764 5311 bonitate
778 5257 929 5323 transisset,
943 5256 1024 5312 etiam
1038 5258 1064 5312 in
1078 5259 1202 5328 paradiso

410 5347 443 5401 ad
460 5348 524 5401 istas
539 5346 762 5412 bomemiserias,
778 5356 806 5401 nt
825 5347 875 5401 alia
896 5356 1006 5413 taceam,
1025 5351 1202 5406 nasceretur?

446 5435 500 5492 tt.
518 5436 578 5492 lut.
592 5436 670 5492 AEtas
682 5437 761 5507 igitur
771 5437 1109 5494 illasicutmisericordiam
1125 5441 1202 5496 utut·

408 5528 443 5582 sti
458 5528 584 5598 predicat
598 5530 731 5592 itrrrorata,
745 5528 833 5595 idest,
850 5529 1001 5583 innovantis
1014 5532 1132 5601 mysterii
1146 5534 1201 5586 vir·

410 5628 466 5673 tute
480 5630 621 5688 prorecta;
648 5619 683 5673 ita
698 5619 862 5688 iniquitatem
879 5619 987 5690 judicis,
1004 5621 1138 5677 trutanniam
1156 5624 1200 5694 ju·

410 5708 502 5772 stitia,
517 5717 562 5762 aut
571 5717 704 5772 accusata,
718 5717 765 5785 aut
777 5718 917 5778 aggravata
931 5710 1075 5764 conducit.

446 5799 514 5853 due.
532 5797 570 5863 Ex
583 5813 634 5868 qna
649 5807 779 5851 uetustate
798 5806 862 5851 atas
878 5799 921 5852 illa
943 5798 1041 5853 diciun·
1063 5801 1199 5867 irruerata,

416 5901 478 5942 ctnn
504 5888 538 5940 sit
557 5897 617 5940 ortu
640 5886 726 5940 nora?
744 5887 825 5941 labia
844 5888 935 5943 dolosa
957 5900 1017 5944 snm
1040 5892 1088 5945 ista
1103 5910 1109 5943 ι
1125 5893 1147 5946 si
1162 5895 1209 5948 tis
1287 5913 1298 5942 ι

440 5978 450 6008 ¹
470 5985 532 6033 tiss..
549 5981 664 6027 berder.
795 6033 797 6036 y

392 6059 396 6067 ·
440 6038 452 6069 ⁸
468 6045 524 6086 star.
536 6045 587 6093 tts..
597 6051 652 6101 que
663 6037 752 6088 traditu
768 6045 845 6089 suut:
862 6054 909 6091 non
929 6043 1007 6092 minus
1017 6050 1095 6094 recte.

442 6098 452 6129 ¹
469 6099 533 6148 tdem
545 6100 622 6148 codex
641 6106 707 6158 tran,
718 6099 844 6162 indurante.

439 6170 452 6190 ·
467 6160 504 6210 sio
515 6168 568 6211 trus.
579 6160 650 6222 editi,
666 6168 847 6225 uqqretarctor.

1122 692 1224 754 tabee
1243 691 1381 754 euttttts.
1427 736 1429 741 -

1986 698 2054 763 tttt

1265 801 1408 858 agnoscere
1417 795 1585 851 uetustatem,
1597 802 1630 844 es
1639 804 1689 860 qua
1701 790 1803 860 partiali
1812 789 1955 846 cliristiaua
1968 792 1978 823 ¹
1991 802 2053 860 grt-

1263 881 1297 934 tia
1310 890 1481 945 uenerantur,
1498 881 1561 936 aradi
1582 881 1694 936 lldelitcr
1707 881 1825 952 quodait
1842 883 1922 937 boum
1939 882 1985 937 bel
1999 880 2053 939 lle-

1263 970 1338 1025 ticius
1352 970 1387 1025 ab
1400 971 1592 1041 ,augustoduno
1602 973 1754 1043 episcopus,
1770 975 1814 1045 qui
1828 989 1887 1028 cum
1908 973 2053 1032 llelcbiatle

1262 1060 1382 1115 Romano
1394 1062 1520 1131 episcopo
1530 1063 1664 1132 quondam
1674 1065 1755 1133 judex
1770 1064 1849 1129 sedit,
1865 1065 2053 1135 donatumque

1261 1151 1396 1208 damnarit
1417 1152 1582 1209 hereticum.
1609 1156 1658 1212 llic
1681 1159 1828 1214 enimcum
1853 1160 1886 1213 de
1906 1160 2055 1216 cbristiatto

1262 1242 1619 1315 baptismatelequcreturrr
1634 1247 1708 1303 llarre
1716 1249 1803 1320 igitur,
1817 1269 1827 1303 ι
1845 1250 1940 1321 inquit,
1957 1268 1966 1301 ι
1981 1253 2054 1321 prla-

1260 1331 1374 1402 cipalem
1403 1349 1463 1389 esse
1489 1333 1515 1389 itt
1541 1335 1660 1392 Ecclesia
1691 1337 1892 1410 indulgentiam,
1917 1341 2052 1396 nemiuem

1261 1423 1389 1492 praeterit,
1405 1424 1431 1478 in
1446 1440 1497 1494 qua
1510 1426 1611 1496 antiqui
1625 1427 1746 1483 criminis
1760 1444 1840 1485 ornne
1854 1431 1956 1500 pondus
1970 1442 2055 1502 expe·

1261 1513 1394 1579 nimus,ct
1406 1515 1564 1584 ignorantiae
1572 1526 1672 1572 nostre
1684 1517 1801 1574 facinora
1814 1521 1900 1590 prisca
1914 1520 2051 1586 delemus:

1261 1604 1304 1659 ubi
1324 1613 1352 1660 et
1371 1617 1487 1661 ueterem
1512 1607 1647 1664 bominem
1669 1624 1730 1666 eum
1755 1613 1880 1683 ingenitis
1904 1613 2052 1668 sceleribus

1260 1695 1406 1750 esulanus»
1427 1694 1476 1769 (ι).
1492 1699 1609 1755 ‚ludisne
1632 1716 1687 1756 non
1709 1713 1800 1772 postea
1816 1712 1977 1774 perpetrata,
2004 1704 2051 1760 sed

1260 1785 1340 1840 ctiam
1350 1787 1466 1857 ingenita
1478 1790 1578 1845 scelera
1591 1793 1690 1847 veteris
1703 1792 1841 1850 ltuutinisi
1852 1795 1982 1866 Numquid
1997 1794 2052 1850 lla·

1260 1875 1378 1931 nicbaeus
1392 1877 1438 1933 luit
1452 1879 1501 1934 iste
1515 1879 1655 1937 Retieiusl
1665 1882 1877 1956 Qtremodoergo
1893 1902 1945 1940 non
1958 1886 2052 1943 doloso

1259 1964 1380 2021 innovari
1395 1970 1519 2038 parrulos
1533 1971 1620 2027 dicitis
1633 1973 1659 2027 in
1673 1973 1819 2029 cbristinna
1836 1976 2050 2046 regeneratione,

1260 2057 1306 2127 qui
1319 2057 1388 2112 mala
1400 2075 1460 2130 que
1471 2061 1635 2129 ingeneravit
1651 2064 1751 2135 antiqui
1767 2067 1887 2122 critniuis
1907 2067 2011 2138 pondus
2024 2068 2051 2122 in

1259 2157 1349 2204 uetere
1363 2149 1470 2206 bomine
1484 2167 1538 2207 non
1549 2154 1628 2209 uoltis
1642 2156 1809 2226 agnosceret
1834 2158 1944 2225 lietardo,
1965 2158 1988 2212 si
2007 2172 2054 2230 ag·

1258 2249 1367 2311 gravata
1390 2252 1454 2298 aetas
1477 2245 1520 2300 illa
1543 2245 1708 2316 iniquitatem
1735 2249 1833 2319 judicis
1854 2251 1999 2316 convincit,
2026 2261 2055 2304 ιιι

1259 2331 1336 2400 dicis,
1353 2335 1423 2389 itane
1436 2350 1489 2390 non
1507 2346 1548 2392 est
1564 2348 1706 2409 aggravata
1728 2340 1802 2410 grati
1815 2339 1880 2412 jugo
1890 2356 1972 2412 super
1985 2340 2054 2396 blles

1260 2426 1363 2481 Adam?
1382 2427 1415 2482 Et
1427 2436 1515 2483 tamen
1527 2443 1580 2483 nort
1592 2439 1634 2484 est
1655 2429 1716 2485 lrinc
1737 2430 1843 2503 iniquus
1857 2432 1943 2500 Deus;
1963 2449 1995 2488 ae
2007 2444 2054 2504 per

1261 2517 1313 2571 troc
1332 2519 1429 2573 merito
1444 2528 1486 2575 est
1504 2531 1655 2590 aggravata.
1678 2522 1786 2578 Nullum
1799 2535 1841 2579 est
1865 2536 1955 2581 autem
1976 2526 2054 2599 lrttjtts

1261 2609 1601 2675 atatismeritutnmalum,
1614 2612 1637 2665 si
1651 2628 1704 2666 uoti
1713 2623 1754 2668 est
1764 2615 1892 2684 orlginaie
1903 2622 2052 2686 peceatum.

1296 2700 1362 2754 att.
1378 2699 1437 2756 lou.
1459 2701 1517 2756 Nou
1530 2718 1594 2773 ergo
1613 2706 1716 2762 uttitatc
1735 2705 1900 2762 Sacrameuti
1917 2725 1960 2763 rea
1976 2724 2052 2764 mert-

1259 2800 1359 2846 stratnr
1372 2791 1498 2861 ittiantia,
1515 2795 1561 2850 sed
1575 2797 1685 2853 ueritate
1695 2798 1786 2868 judieii
1802 2799 1871 2855 nibil
1886 2801 1957 2856 aliud
1970 2818 2055 2874 qaam

1262 2881 1389 2937 iurmcens
1403 2884 1575 2953 approbatur.

1294 2977 1363 3030 tluo.
1379 2974 1513 3033 lurcnissc
1526 2985 1552 3033 te
1563 2990 1639 3048 putas
1649 2995 1730 3050 qnare
1743 2984 1892 3054 baptizetur
1901 3004 1908 3041 ε
1917 2986 1960 3042 dic
1969 2991 2053 3058 quare

1259 3062 1425 3121 etsublettrr.
1446 3067 1525 3123 Certe
1545 3068 1643 3140 Pelagii
1670 3075 1787 3130 auctoris
1807 3076 1888 3131 uestri
1909 3092 2003 3149 magna
2023 3060 2052 3135 et

1259 3155 1355 3210 inuicta
1370 3166 1411 3213 est
1434 3167 1524 3228 putata
1547 3170 1678 3218 sententia
1691 3204 1699 3231 ,
1716 3166 1759 3221 ubi
1773 3167 1809 3222 ait
1822 3186 1829 3221 :
1842 3167 1873 3224 Si
1887 3169 1951 3224 ddee
1963 3184 2052 3241 pecer-

1258 3255 1310 3300 tunt
1324 3250 1400 3303 etiam
1414 3266 1464 3304 uon
1480 3253 1640 3321 peccantibus
1651 3259 1746 3322 rtacuit,
1761 3275 1821 3330 erpa
1833 3269 1857 3314 et
1870 3258 2051 3334 Citistijadl·

1259 3341 1294 3391 tin
1306 3340 1383 3394 etiem
1403 3345 1632 3400 accedentibus
1652 3351 1753 3416 prodest
1771 3349 1819 3423 (t).
1844 3352 1913 3421 Quid
1933 3369 1997 3425 ergo
2018 3352 2052 3411 de

1258 3430 1374 3499 parvulis
1395 3432 1502 3488 dicitis¹
1519 3437 1626 3506 quaudo
1650 3440 1837 3511 baptizantur?
1857 3445 1994 3513 Credunt,
2017 3462 2050 3502 an

1259 3535 1311 3575 raon
1330 3523 1460 3579 credunt?
1481 3526 1509 3581 Si
1531 3526 1672 3592 dixeritis.
1694 3531 1753 3588 Nou
1774 3535 2051 3608 credunt:quomodo

1258 3628 1311 3667 non
1322 3612 1333 3645 ⁸
1346 3616 1385 3669 cis
1397 3615 1497 3672 Claristi
1509 3619 1610 3687 iustitia
1624 3622 1704 3677 ctiam
1719 3639 1772 3679 non
1787 3626 1960 3684 credentibus
1972 3630 2050 3700 prod-

1257 3711 1308 3767 est,
1322 3713 1350 3758 ut
1369 3720 1479 3775 reguum
1491 3708 1621 3764 coelorum
1641 3714 1813 3781 possideant?
1826 3717 1879 3773 dut
1892 3719 1914 3774 si
1927 3720 2047 3790 prodest,

1257 3803 1287 3845 ιιι
1300 3793 1424 3863 cogimini
1437 3796 1558 3854 conliteri
1571 3816 1577 3851 :
1589 3800 1629 3855 sic
1643 3802 1723 3871 igitur
1734 3805 1774 3860 eis
1789 3808 1879 3863 nocuit
1900 3809 1964 3866 tes
1984 3826 2047 3884 pec·

1257 3894 1345 3937 catum
1357 3885 1474 3941 nortdurn
1486 3891 1611 3958 peccandi
1625 3891 1784 3952 ltaberrtibus
1798 3898 1970 3966 voluntatem,
1985 3918 2044 3974 qno-

1257 3971 1337 4028 nrodo
1355 3975 1395 4029 eis
1416 3978 1526 4046 prodest
1539 3979 1642 4049 justitia
1664 3982 1764 4041 Christi
1785 3986 1903 4044 nondum
1923 3992 2049 4047 credendi

1258 4060 1416 4119 ludrentibus
1426 4067 1604 4125 uoluntatem?
1617 4072 1645 4127 Si
1657 4085 1746 4130 antem
1760 4077 1900 4145 dixeritis,
1914 4080 1965 4137 Per
1979 4082 2046 4137 alios

1257 4153 1369 4209 eredunt
1381 4174 1388 4211 :
1401 4158 1440 4213 sic
1459 4160 1538 4215 etiam
1559 4178 1607 4234 per
1624 4165 1705 4221 alium
1727 4179 1914 4239 peccauerunt.
1931 4175 1964 4229 Et
1979 4190 2047 4246 quo-

1258 4243 1328 4297 niam
1353 4261 1444 4301 terum
1470 4258 1512 4304 est
1538 4253 1609 4322 quod
1626 4270 1674 4324 per
1696 4256 1764 4312 alios
1789 4261 1903 4316 credunt
1928 4263 2050 4335 (propter

1258 4333 1309 4389 ltoe
1332 4336 1403 4390 enim
1419 4345 1448 4392 et
1467 4337 1560 4396 ttdcles
1574 4357 1622 4410 per
1633 4351 1714 4399 totam
1732 4347 1878 4404 Ecclesiam
1893 4366 2049 4423 nuncupan-

1258 4424 1312 4494 tur)
1324 4442 1331 4475 ε
1343 4424 1463 4495 prolecto
1483 4431 1620 4498 pertinent
1634 4432 1668 4488 ad
1683 4435 1749 4490 illud
1762 4437 1833 4508 qued
1847 4440 1884 4494 ait
1906 4441 2045 4504 Doutititts,

1258 4513 1309 4580 Qut
1322 4524 1405 4570 autem
1426 4534 1478 4574 non
1492 4522 1638 4591 crediderit,
1656 4526 1863 4584 condemnabitur
1875 4530 1971 4601 (llere.
1986 4548 2044 4600 stt,

1257 4606 1314 4673 ld).
1328 4605 1582 4669 condemnabuntur
1597 4630 1661 4686 ergo
1673 4617 1695 4671 sl
1709 4633 1756 4688 per
1770 4619 1837 4675 alios
1853 4635 1905 4676 non
1919 4624 2046 4686 credaut.

1256 4707 1316 4749 cum
1336 4711 1384 4765 per
1402 4713 1432 4753 se
1453 4700 1526 4769 ipsos
1546 4718 1600 4758 non
1621 4705 1711 4761 calent
1732 4710 2048 4769 credere:eoudemrturi

1256 4796 1344 4842 autem
1358 4789 1428 4857 juste
1441 4793 1513 4846 nullo
1526 4795 1606 4850 modo
1621 4807 1745 4867 possent,
1762 4801 1784 4855 si
1798 4816 1850 4855 uon
1866 4804 1916 4857 snb
1927 4814 2048 4873 peccato,

1256 4894 1288 4934 ae
1309 4896 1355 4949 per
1376 4881 1427 4938 boc
1448 4895 1475 4939 ct
1497 4887 1546 4939 snb
1567 4892 1667 4957 peccati
1699 4893 1817 4964 principe
1841 4900 2046 4955 nascerenttrr⁸.

1256 4969 1369 5040 Propter
1383 4971 1433 5027 boe
1453 4992 1516 5045 ergo
1529 4987 1556 5045 qt
1567 4975 1752 5038 exsttldaritur.
1772 4985 1919 5044 Rentovete
1935 4991 1969 5044 ab
1987 4991 2048 5047 eis'

1256 5059 1436 5130 deceptoriam
1456 5066 1599 5123 uanitatem
1616 5082 1731 5127 rostram
1745 5076 1843 5132 :sinite
1863 5081 1987 5147 parrtdns
2002 5098 2047 5138 re·

1257 5150 1315 5205 nire
1329 5151 1361 5205 ad
1377 5153 1468 5209 lesum
1482 5155 1492 5228 (
1500 5156 1544 5213 ld.
1559 5175 1584 5224 r,
1602 5162 1653 5232 ll)
1668 5165 1712 5234 qui
1728 5166 1830 5221 salvum
1847 5168 1908 5223 lacit
1922 5172 2047 5240 qroptduru

1256 5255 1333 5294 srttrm
1351 5243 1393 5314 (in
1406 5248 1562 5319 quantique
1581 5261 1608 5307 et
1630 5254 1680 5324 ipsi
1695 5258 1803 5328 strtrt)a
1821 5265 1937 5328 peccantis
1954 5278 2045 5318 eornm

1258 5331 1363 5402 (dritta.
1381 5350 1404 5400 t,
1418 5336 1474 5409 al).
1926 5376 1938 5401 o

1288 5424 1297 5456 ¹
1313 5425 1351 5500 alo
1359 5431 1412 5497 ltsr.
1422 5429 1483 5500 futili
1493 5440 1584 5492 autem,
1596 5433 1734 5488 farisaeae.

1287 5486 1298 5515 ¹
1314 5486 1372 5535 tdrtr
1380 5522 1394 5560 ,q
1400 5491 1471 5541 dura.
1482 5499 1517 5563 tt,
1527 5493 1586 5544 irtira
1597 5495 1637 5547 :si
1654 5498 1762 5555 diceris.
1782 5510 1833 5554 den
1857 5506 1966 5556 credruu.
1989 5513 2047 5555 rtem

1256 5552 1356 5620 postea:
1369 5555 1592 5626 stouterrt'dteerir.
1605 5564 1632 5628 tt
1644 5563 1797 5627 manuscripti
1807 5574 1946 5617 constanter
1959 5569 1982 5615 br
1994 5567 2047 5628 plu·

1256 5607 1299 5656 rab
1312 5620 1428 5671 numero,
1441 5615 1531 5675 deutra,
1544 5618 1664 5670 diceritis.

1288 5669 1298 5700 ³
1315 5671 1422 5742 llecluoo
1432 5677 1519 5727 deerat
1531 5679 1647 5739 particula
1658 5695 1769 5747 raegalis:
1783 5695 1866 5748 nostra
1879 5702 1938 5735 reru
1953 5687 2048 5738 «luobus

1256 5735 1310 5778 eant
1322 5728 1378 5807 locus·
1389 5744 1472 5787 contra
1483 5737 1597 5788 librorum
1606 5748 1820 5810 nauuaripttuann
1830 5751 1900 5797 ternu
1909 5762 1943 5796 sic
1960 5750 2049 5796 rualdu-

1256 5793 1441 5867 latl'tgmcrtns
1455 5813 1461 5849 :
1475 5801 1552 5850 autri
1569 5814 1615 5852 uon
1631 5803 1738 5868 prddcst,
1751 5815 1776 5857 ut
1787 5808 1899 5872 redemti
1915 5807 2023 5870 confiteri
2038 5824 2047 5860 :

1255 5864 1290 5905 aa·
1300 5859 1374 5929 edetur
1390 5871 1425 5909 ets
1436 5873 1484 5910 riou
1493 5861 1573 5912 rtorrrit
1590 5864 1642 5915 :de
1654 5873 1785 5929 peccatam.

1314 5928 1350 5963 etc
1360 5928 1412 5969 ttss.
1429 5923 1498 5981 editi,
1510 5933 1649 5976 uomrtutur.

1287 5976 1297 6006 ¹
1316 5982 1368 6029 ιιι.
1382 5988 1432 6037 trs..
1446 5986 1546 6036 euseb.

1287 6039 1311 6095 (n
1337 6042 1392 6092 tilis
1404 6058 1484 6106 sequa,
1496 6048 1537 6097 lib.
1553 6050 1561 6096 l
1576 6057 1658 6099 cartura
1669 6048 1796 6107 lulianum,
1809 6064 1833 6098 n,
1846 6052 1871 6100 t.

1287 6096 1316 6164 (b
1337 6104 1479 6167 i'ldesupta,
1486 6109 1517 6157 de
1528 6117 1679 6159 turccatornm
1689 6111 1783 6162 ttcritls.
1794 6110 1835 6160 ttn.
1844 6114 1868 6170 5,
1879 6129 1902 6163 n.
1912 6114 1936 6170 ¹2.
1946 6126 1968 6164 nt
1978 6114 2046 6171 iulia,
2135 6155 2137 6159 ,

1258 6169 1393 6218 tteteatcris
1411 6172 1638 6230 torrurnnttnrium,
1651 6173 1674 6218 in
1693 6173 1834 6232 rtpqrendtcls
1848 6185 1918 6236 tacte
1931 6180 2044 6228 staurus.
