4900 6892
383 710 448 767 ttttt
827 707 963 766 CONTRA
981 708 1164 769 sustinenti
1182 707 1314 772 illitam
1335 705 1606 774 umrdsstosstt.
1951 707 2018 764 llll!

381 838 426 877 ras
438 821 509 876 niisit
521 839 528 874 ε
543 820 593 876 siib
604 819 675 891 quod
685 821 765 876 etiam
777 830 880 891 tempus
892 822 1006 892 priorem
1022 821 1160 892 dugiistiui
1169 819 1267 883 librum
1281 819 1316 876 de
1328 818 1431 890 ¹Nuptiis
1443 828 1471 877 et
1482 818 1701 889 Concupiscentia
1713 827 1825 889 qiiatuiir
1837 816 2018 874 iniciiiiiiibns

382 913 505 970 refellere
517 922 628 967 cenatus
642 923 694 967 est.
1039 954 1044 966 .
1165 915 1173 942 ‘
1767 964 1773 971 ,

410 1003 483 1059 (luni
497 1013 587 1072 postea
600 1002 686 1058 sotini
700 1012 804 1058 vertere
814 1013 1013 1065 resumamus,
1024 1003 1106 1059 maria
1119 1012 1147 1059 et
1159 1010 1246 1063 terras
1255 1017 1316 1057 euni
1329 1000 1432 1057 erroris·
1441 999 1482 1057 sni
1493 1000 1574 1055 sociis
1586 1008 1613 1056 et
1624 1000 1733 1071 collegis
1746 1005 1910 1072 peruginum
1924 999 2020 1055 Orien·

381 1103 452 1158 terii,
469 1094 494 1149 id
508 1103 566 1158 est,
580 1094 672 1149 tlsiam
687 1095 816 1150 imiterem
830 1095 970 1159 liistrasit;
986 1104 1013 1148 et
1026 1093 1132 1151 undem
1148 1090 1275 1149 incilicia
1289 1092 1358 1164 apud
1372 1089 1540 1148 Tbeodorinn
1553 1090 1766 1161 ,llnpsuesteiiuin
1780 1106 1858 1161 quein
1870 1090 2019 1160 pelagiane

380 1184 492 1240 baresis
503 1199 579 1253 eque
593 1194 728 1253 parentem
743 1200 774 1238 ac
789 1184 952 1240 Nestiiriaiiai
966 1185 1082 1249 laeiuut,
1098 1184 1188 1252 quiete
1202 1183 1327 1238 nonnulla
1343 1182 1443 1254 putitiis
1460 1193 1510 1235 est.
1529 1179 1583 1234 lllic
1597 1181 1664 1235 alios
1678 1190 1739 1236 neto
1753 1181 1834 1235 libros
1851 1182 1876 1236 in
1893 1183 2017 1249 iliigiisti-

380 1289 446 1327 iiiim
459 1273 589 1328 condidit.
606 1273 659 1328 Sed
670 1289 756 1343 neque
767 1274 977 1333 dubitaverimus
986 1274 1050 1343 quin
1064 1273 1113 1344 ipsi
1128 1270 1280 1338 Theodora,
1295 1279 1324 1328 ut
1337 1272 1464 1327 adversus
1475 1271 1612 1343 origliialis
1627 1273 1727 1340 peceati
1740 1280 1888 1328 assei-tores
1901 1274 2018 1345 quinque

379 1377 446 1417 suris
461 1363 544 1418 libros
555 1364 698 1425 emitteret.
711 1374 804 1418 auctor·
813 1363 904 1419 luerit.
918 1363 1104 1420 l'erumtamcn
1118 1361 1236 1419 eCilicia
1246 1362 1353 1417 vixdum
1362 1371 1522 1430 excesserat,
1536 1376 1597 1417 emu
1613 1363 1637 1417 ei
1650 1362 1806 1419 Theodorus
1819 1364 1861 1418 ille
1873 1364 1899 1418 in
1910 1365 2018 1434 pruriu-

380 1454 442 1508 eiali
465 1453 568 1526 synodo
586 1455 762 1510 aiiatliematis
784 1466 875 1510 notain
898 1455 992 1511 inussit
1011 1454 1116 1526 (lusco,
1131 1454 1248 1525 dppenri.
1263 1454 1383 1524 partui).
1399 1452 1499 1508 ltaliam
1523 1470 1593 1509 nuno
1612 1442 1874 1526 quadringentesimo
1889 1456 2018 1527 rigcsiiiio

380 1546 469 1612 primo
486 1560 539 1615 qun
553 1545 662 1616 Alypius
676 1546 817 1614 episeopus
834 1562 882 1601 sex
895 1546 1033 1615 Augustini
1049 1546 1132 1601 libras
1152 1545 1280 1606 aduersus·
1303 1543 1425 1601 eumdem
1443 1545 1505 1603 illue
1519 1544 1629 1610 detulit,
1640 1545 1695 1616 jam
1712 1547 1852 1617 reliquerat
1871 1563 1877 1599 :
1895 1547 2017 1623 quaudo·

379 1634 487 1702 quidcin
499 1677 505 1695 ‚
519 1649 580 1688 cuin
597 1644 659 1690 ectu
672 1650 735 1689 sinis
747 1635 773 1690 iii
786 1645 906 1690 ssneuim
920 1636 1060 1695 becmrem
1080 1634 1178 1702 edidit,
1192 1635 1303 1698 omuino
1326 1633 1361 1691 de
1384 1633 1470 1691 istltoe
1493 1634 1566 1692 illius
1586 1651 1668 1709 opere
1691 1636 1754 1693 nibil
1777 1638 1897 1694 audierat
1918 1637 2016 1712 (inpio,

382 1723 475 1795 Operis
486 1725 587 1796 irnperl.
604 1725 647 1782 tii.
661 1725 687 1787 l,
702 1743 759 1796 cup.
774 1727 830 1796 58).

417 1817 482 1887 llius
494 1817 656 1873 mentionem
666 1833 701 1872 es
715 1833 768 1887 quo
781 1816 927 1888 iiiigrarite
939 1815 1030 1878 Cilicia
1040 1816 1066 1871 in
1076 1830 1175 1873 aurium
1188 1828 1271 1884 utque
1282 1813 1571 1887 quadringentesimum
1587 1813 1742 1890 vigesimum
1753 1824 1875 1870 ortamm
1887 1832 2017 1888 nusquam

379 1909 539 1979 reperimus.
553 1909 588 1963 dt
601 1907 707 1976 punitur
718 1907 838 1963 Julianus
852 1907 930 1963 ueluti
950 1906 1003 1965 dut
1018 1906 1213 1983 aeprimipilus
1225 1921 1318 1960 eorum
1331 1906 1532 1974 episcoporum,
1553 1904 1598 1976 qui
1613 1904 1649 1959 ob
1665 1913 1788 1976 negatum
1807 1904 1936 1977 originale
1954 1919 2018 1974 pee-

380 2007 469 2053 catum
482 1995 571 2054 ollieiu
584 1997 706 2061 abdicati,
720 1997 834 2052 Nestorii
847 1997 998 2065 praesidinm
1012 1979 1118 2052 eireitcr
1131 1997 1217 2066 ipsum
1234 2009 1332 2048 annum
1349 1991 1638 2064 quadringentesimum
1652 1993 1808 2065 vigesimum
1829 2003 1951 2047 netarum
1968 1996 2019 2047 ini·

381 2088 530 2159 plorarunt.
544 2088 609 2143 lline
623 2088 763 2154 llereator,
775 2087 934 2147 Prmlationo
946 2088 980 2141 ad
992 2087 1106 2142 Nestorii
1117 2086 1246 2144 adsersus
1258 2085 1426 2157 l‘cirigianam
1438 2084 1560 2140 beresim
1573 2098 1711 2140 sermones
1724 2103 1732 2140 ε
1746 2102 1755 2135 i
1772 2084 1869 2138 Contra
1882 2085 1991 2156 Pelagii,
2006 2105 2016 2138 i

380 2179 437 2246 ait,
456 2197 466 2233 i
480 2194 528 2237 sett
540 2179 659 2236 Coelestii
675 2195 782 2249 prauam
795 2188 823 2234 et
835 2179 943 2249 impiam
957 2179 1138 2238 definitionem
1151 2177 1274 2249 quamuis
1288 2187 1361 2233 reete
1373 2177 1484 2232 sentiret
1495 2186 1522 2232 et
1534 2176 1642 2232 duceret
1657 2194 1667 2228 r
1684 2174 1835 2238 Nestorius:
1852 2194 1862 2227 i
1882 2176 2020 2232 tiitianuin

383 2281 473 2329 tamen
487 2272 674 2343 exepiscopum
690 2272 876 2337 Eclaiiensem,
890 2286 951 2328 eunt
967 2271 1140 2343 participibus
1154 2269 1227 2335 suis,
1241 2269 1316 2338 eujus
1331 2268 1440 2325 heresis
1453 2267 1606 2343 signilerum
1621 2278 1649 2324 et
1662 2269 1864 2336 antesignanum
1878 2309 1885 2334 ,
1900 2268 1966 2322 olini
1985 2268 2020 2322 ab

381 2361 527 2430 aptuudiea
539 2363 670 2417 sententia
683 2372 883 2419 exauctoratum
895 2370 975 2432 atque
989 2359 1149 2431 depositum,
1162 2359 1189 2417 in
1201 2358 1346 2413 amicitiam
1359 2359 1464 2413 interim
1476 2358 1579 2415 censuit
1589 2357 1800 2430 suscipiendum,
1814 2373 1889 2427 spem
1900 2359 1924 2418 ei
1936 2358 2017 2411 alisn-

379 2448 490 2507 lutiouis
503 2451 661 2520 premittens
673 2469 680 2506 :
695 2451 781 2520 ipsum
793 2465 900 2520 quoque
911 2450 1066 2507 celestium
1078 2447 1252 2516 litterissuis,
1267 2463 1379 2518 quarum
1391 2447 1512 2516 ericiuplo
1526 2446 1702 2514 subdidimus,
1713 2448 1866 2503 consulatus
1878 2457 1928 2502 est.
1941 2447 2017 2516 Quod

380 2550 470 2596 utrina
485 2542 585 2597 nuilitia
599 2557 634 2595 au
648 2541 771 2598 uecordia
785 2540 888 2605 lecerit,
900 2557 952 2595 iion
965 2540 1041 2596 lacile
1053 2541 1126 2596 nosci
1140 2546 1247 2610 petest:
1263 2546 1397 2594 utcontra
1411 2552 1522 2611 quorum
1537 2538 1662 2591 distortas
1677 2539 1833 2604 sententias,
1849 2548 1946 2608 pneter
1956 2555 2019 2608 pro·

381 2631 467 2699 priam
481 2632 643 2702 impietatem
656 2647 715 2701 qure
730 2631 804 2687 illum
818 2630 850 2684 ad
863 2631 1059 2685 damnationem
1073 2644 1156 2700 usque
1168 2628 1309 2699 perduxit,
1320 2628 1469 2684 rectissime
1487 2627 1620 2683 sentiebat
1632 2635 1660 2683 et
1673 2626 1785 2684 docebat
1796 2670 1803 2692 ‚
1816 2642 1865 2684 eos
1878 2637 1904 2681 et
1919 2628 2020 2684 arnicas

380 2720 505 2785 baberet,
518 2731 544 2777 el
557 2737 605 2792 spe
617 2737 691 2776 ranae
702 2721 886 2790 promissionis
900 2719 1027 2776 fovendas
1039 2728 1067 2775 et
1077 2718 1213 2775 lactandos
1224 2728 1344 2789 putaret;
1358 2718 1456 2789 quique
1470 2733 1530 2772 eum
1542 2728 1654 2786 patrono
1665 2728 1812 2772 memorato
1823 2719 1848 2772 ln
1862 2718 2017 2789 Eplieslensl
2034 2738 2038 2745 ·

378 2811 522 2866 eoncilioa
538 2812 658 2867 ducentis
668 2812 833 2882 septuaginta
846 2819 874 2867 et
885 2819 998 2880 quatuor
1007 2809 1140 2879 episeopis
1150 2809 1245 2865 iterum
1261 2808 1412 2880 iterumque
1423 2808 1540 2862 damnati
1553 2817 1624 2864 sunt.
1640 2828 1650 2861 r
1664 2809 1795 2865 Caeterum
1810 2809 1888 2864 iidem
1902 2809 2020 2866 heretici

379 2916 429 2972 per
444 2901 594 2956 Nestorium
612 2901 739 2969 consequi
760 2916 925 2972 nequaquam
944 2901 1069 2966 saluere,
1084 2910 1113 2954 ut
1133 2914 1166 2957 ne
1185 2898 1417 2969 Constantinopoli
1436 2907 1570 2970 precepto
1584 2899 1751 2971 imperatoris
1764 2899 1928 2967 Tliendosli,
1949 2901 2020 2958 unde

379 2991 500 3050 lulianus
511 2993 592 3047 etiam
608 2993 681 3063 prius
694 2992 822 3049 Caelestia
836 2991 937 3062 ejectus
948 3000 999 3057 est,
1013 2991 1187 3063 pellerentur.
1203 2987 1275 3046 Idem
1290 2988 1411 3045 Julianus
1425 3005 1477 3046 nou
1490 2990 1575 3045 solum
1591 2994 1616 3044 ln
1632 2997 1744 3062 utraque
1757 2990 1870 3048 Nestorii
1883 2991 1916 3047 ad
1929 2991 2019 3048 ciete-

381 3083 482 3138 stinuin
502 3082 782 3153 epistolaPelagianis
796 3082 855 3139 aliis
875 3081 1008 3152 episcopis
1021 3081 1055 3137 ile
1076 3079 1221 3137 Occidente
1241 3079 1334 3151 ejectis
1355 3080 1539 3149 premittiinr,
1555 3080 1604 3135 sed
1616 3080 1739 3137 similiter
1758 3091 1817 3150 post
1836 3081 1971 3156 Pelagium
1993 3090 2022 3138 et

379 3172 535 3233 Coelestiiim
554 3176 655 3243 primus
674 3173 827 3230 nominatur
842 3172 912 3233 inter
931 3173 1049 3243 insignes
1063 3172 1123 3227 illes
1136 3169 1309 3243 Pelagianos,
1324 3186 1437 3241 quorum
1449 3171 1584 3226 damnatio
1604 3186 1676 3228 antio
1695 3164 1957 3245 quadringentesimo
1972 3174 2021 3229 tri·

379 3263 482 3330 gesimo
497 3262 583 3331 priiiio
596 3263 622 3316 'm
637 3262 769 3332 Eplieslua
784 3261 887 3335 syuodo
902 3264 967 3318 lecta
981 3271 1024 3317 est
1036 3272 1064 3318 et
1076 3260 1233 3318 coudrmala
1247 3258 1346 3334 (infra,
1362 3261 1480 3334 Append.
1496 3271 1568 3333 parte
1580 3261 1623 3333 ΙΙ.

422 3371 497 3428 llaud
514 3375 598 3430 iiiiilto
611 3383 681 3444 post,
695 3376 746 3430 sub
758 3376 913 3446 pontificatu
925 3374 991 3431 snit
1006 3373 1054 3443 tlt,
1069 3384 1098 3432 et
1109 3389 1191 3441 ariao,
1206 3374 1229 3430 si
1242 3374 1367 3444 Prosperi
1381 3373 1516 3431 Chronico
1526 3374 1655 3434 debeatur
1669 3375 1746 3446 fides,
1761 3331 2022 3456 quadringentesimo

379 3465 519 3534 trigesimo
529 3483 610 3530 nuno,
627 3467 752 3524 ercinia
763 3468 845 3522 uariis
857 3466 962 3523 artibus
977 3467 1125 3537 imponere,
1139 3476 1219 3537 atque
1232 3466 1258 3523 in
1272 3466 1330 3539 eius
1341 3468 1555 3523 communionem
1569 3466 1634 3523 laisa
1647 3471 1736 3540 speeie
1745 3471 1939 3528 eineudationis
1955 3474 2022 3527 irre-

378 3571 446 3623 pere
459 3564 500 3609 est
513 3556 632 3621 melitus,
648 3568 676 3611 ut
686 3557 866 3627 episcopalem
877 3557 1045 3628 dignitatem,
1058 3570 1111 3627 qua
1124 3555 1384 3619 mundissimum
1397 3555 1513 3621 dolebat,
1525 3558 1666 3631 reciperet.
1682 3559 1735 3616 Sed
1746 3560 1882 3624 deruanus
1892 3561 2020 3632 pniittci,

381 3647 481 3703 ternis
502 3648 608 3704 diaconi
628 3649 712 3720 (illius
726 3648 798 3711 baud
814 3649 896 3705 dubie
915 3648 960 3719 qui
979 3649 1066 3705 eidem
1088 3647 1115 3702 iu
1130 3647 1278 3722 apostolica
1293 3647 1364 3705 Sede
1379 3649 1520 3718 surressit)
1532 3648 1639 3705 bortum
1654 3650 1806 3720 roboratus,
1822 3653 1956 3723 vigilantia
1973 3668 2020 3709 sua

379 3741 460 3796 istius
470 3740 577 3796 inundes
590 3740 697 3807 retexit,
711 3742 751 3796 eis
765 3741 868 3797 lurtiter
879 3742 999 3801 occurrit
1010 3782 1017 3803 .
1030 3739 1139 3799 nelariis
1153 3740 1212 3813 ejus
1233 3741 1352 3797 consiliis
1370 3739 1458 3800 aditus
1477 3754 1571 3795 omnes
1591 3740 1755 3807 interclusit,
1772 3743 1923 3814 selectaque
1934 3743 2022 3812 [ulturi

318 3843 321 3849 ·
379 3834 460 3889 lertio
470 3835 609 3891 uniuersas
627 3833 766 3894 catholicae
781 3833 1143 3893 corninuniouisetbilaraiit
1160 3833 1267 3905 (lirim).
1284 3832 1409 3891 difirmat
1423 3832 1603 3905 {lieronymus
1615 3833 1783 3906 Vignierius,
1799 3835 1850 3890 sibi
1866 3850 2021 3908 angiriacum

381 3940 453 3992 esse,
468 3925 564 3995 quibus
580 3925 769 3995 persuadeatur
781 3925 917 3981 lulianum
931 3941 964 3981 ex
983 3925 1058 3980 ltalia
1080 3939 1173 3979 rursus
1192 3923 1283 3996 lugere
1301 3941 1317 3979 a
1336 3923 1412 3981 Sixto
1421 3940 1490 3996 papa
1504 3934 1646 3993 eoactum,
1663 3924 1688 3981 iii
1710 3926 1884 3984 Leriiieusem
1907 3929 2021 3984 insulani

382 4018 497 4082 uertisse.
514 4017 558 4072 ubi
572 4032 634 4072 eum
648 4033 697 4088 per
708 4017 811 4086 aliquot
821 4032 926 4072 menses
940 4025 1127 4083 moraremur
1143 4015 1164 4072 F
1165 4026 1254 4081 austu,
1269 4017 1415 4088 lligioruin
1427 4027 1517 4087 postea
1531 4019 1669 4090 episcopo,
1686 4029 1823 4090 exceptus,
1839 4008 1926 4077 eidem
1938 4021 2023 4077 liure·

379 4107 421 4162 sis
430 4122 487 4163 suae
498 4108 571 4162 viriis
584 4107 754 4178 propinarit:
773 4107 859 4176 Queri,
873 4108 911 4161 ait
926 4107 1085 4178 Viguierins,
1098 4106 1209 4163 attolere
1220 4107 1345 4166 dicemus.
1360 4107 1461 4163 sillem
1471 4109 1535 4164 eires
1544 4119 1567 4163 et
1580 4126 1662 4165 aanor
1674 4109 1819 4178 suffecerit,
1835 4113 1912 4184 idque
1927 4114 2022 4168 roetmi's

382 4199 570 4266 prabmionilutr
588 4208 640 4254 tam
660 4213 692 4253 ea
708 4196 862 4268 Fitlpentio,
878 4212 955 4266 quam
969 4213 1001 4252 es
1012 4195 1087 4261 oliir,
1101 4194 1224 4267 pluraque
1242 4196 1269 4250 id
1287 4197 1386 4268 perieris
1406 4212 1464 4270 quie
1478 4199 1571 4253 attritos
1589 4199 1686 4266 intent,
1699 4218 1838 4256 amerinus
1851 4202 2021 4275 (Vigrtierins,

384 4290 492 4363 l’riesut.
504 4293 532 4347 iii
544 4291 614 4362 Opus
627 4293 801 4363 imperfectum
816 4289 838 4363 ).
854 4291 895 4345 ttd
915 4290 972 4346 bae
995 4290 1123 4360 llignierii
1138 4289 1217 4347 rerba
1231 4289 1350 4348 loannes
1368 4291 1534 4355 bernerius,
1550 4290 1674 4365 liitelliqi‘t
1686 4305 1787 4358 nutcni,
1804 4296 1898 4369 inquit,
1913 4298 1951 4350 cir
1962 4314 2022 4351 eru-

382 4383 454 4437 ditur
465 4382 716 4456 nornineFitlgeutii,
734 4382 811 4440 titru
825 4399 888 4453 quor
899 4394 1000 4438 sanctita
1021 4382 1066 4439 iile
1082 4382 1214 4454 episcopus
1229 4382 1349 4438 aduersus
1361 4380 1385 4434 F
1386 4392 1485 4436 ctutum
1505 4383 1622 4454 scripsit,
1638 4400 1749 4455 quosque
1766 4385 1837 4455 arud
1852 4403 1879 4440 re
1898 4386 1984 4442 leniuit
1995 4389 2021 4444 in

383 4479 555 4545 merminipro
567 4475 652 4530 radice
671 4473 740 4530 idem
756 4474 913 4544 lignicrius,
927 4490 985 4528 runi
998 4474 1086 4529 uiueret
1100 4470 1269 4542 (Garrieri‘ui,
1280 4474 1307 4527 in
1323 4473 1430 4526 llerrut.
1442 4473 1543 4528 dissert.
1560 4474 1585 4538 l,
1598 4490 1655 4545 rap.
1669 4476 1696 4543 li,
1712 4474 1885 4550 detritione).

420 4568 495 4626 Sixto
510 4570 561 4624 rita
577 4568 668 4626 limcto
680 4569 753 4623 illum
771 4568 884 4624 rediisse
896 4567 923 4622 iu
945 4567 1047 4623 ltaliam
1060 4608 1067 4633 ‚
1081 4566 1153 4624 uude
1173 4569 1269 4623 iteranti
1284 4567 1401 4623 abeune
1418 4582 1485 4637 papa
1506 4567 1599 4640 pulsus
1613 4565 1707 4634 luerit,
1724 4568 1786 4626 liiue
1798 4569 1860 4624 lieet
1874 4570 2018 4641 conjicere,

383 4663 456 4733 quad
475 4662 594 4733 ejusdem
605 4661 733 4731 temporis
747 4670 839 4717 auetur
850 4662 875 4715 iii
885 4661 954 4738 libro
968 4660 1235 4716 del‘rnmissionibus
1254 4669 1281 4715 ct
1294 4659 1514 4716 Prudictiiinibus
1532 4659 1597 4726 liei,
1613 4669 1689 4732 parte
1703 4672 1812 4731 quarta,
1828 4663 1914 4732 eapite
1933 4675 2021 4729 scirtii,

385 4753 540 4824 Pelagianos
560 4763 584 4807 rt
603 4752 712 4807 amrium
725 4750 858 4806 lulianum
873 4765 888 4803 a
903 4751 980 4807 beato
1001 4748 1125 4814 pontifice
1138 4749 1258 4805 contritos
1271 4747 1352 4804 luisse
1373 4749 1475 4818 prodat.
1492 4748 1571 4803 addit
1585 4748 1736 4821 lignierius
1755 4751 1823 4803 liuuc
1835 4751 1920 4820 ipsum
1937 4753 2023 4808 inlcli-

383 4860 445 4901 ceni
462 4844 630 4908 hereticum.
644 4853 706 4914 post
718 4843 811 4913 longas
823 4841 873 4897 bae
886 4841 946 4896 illac
956 4841 1115 4908 errationes,
1129 4839 1164 4896 ob
1173 4855 1239 4910 quas
1253 4857 1310 4895 eunt
1326 4839 1492 4913 Fulgentius,
1507 4850 1535 4896 ut
1548 4839 1623 4906 dicit,
1635 4840 1742 4895 alienun
1755 4843 1834 4904 tlnin,
1851 4847 1898 4897 tiiir
1913 4855 1949 4898 eit
1961 4863 2021 4917 pro·

386 4939 478 5007 {again
491 4943 515 4989 et
527 4935 596 4989 omni
609 4933 666 4989 ioco
678 4943 813 4995 exterrent,
829 4931 952 5002 appellet,
964 4931 1048 4986 ultimi
1063 4930 1170 4987 demum
1183 4929 1294 5004 perlugii
1309 4932 1369 4987 loeo
1382 4933 1497 4987 siculum
1510 4932 1650 5005 quemdam
1665 4933 1690 4987 in
1702 4933 1790 4988 Sicilia
1806 4935 1959 4999 incaluisse,
1974 4939 2018 4991 ulii

384 5041 441 5081 site
453 5035 534 5081 seete
549 5025 671 5080 boniines
685 5023 799 5080 discebat
809 5024 920 5090 litteras,
937 5023 1022 5077 lactus
1035 5038 1068 5078 ex
1081 5023 1207 5095 episeopo
1221 5021 1413 5094 ludimagister.
1430 5023 1503 5081 lianc
1520 5024 1557 5080 illi
1576 5025 1777 5095 occupationem
1790 5068 1798 5092 ,
1814 5029 1890 5097 quasi
1901 5029 2021 5083 numium

386 5118 502 5171 maxime
516 5126 707 5187 congruentem
723 5125 750 5171 et
762 5113 820 5185 ejus
831 5115 857 5169 iu
872 5113 952 5170 hosce
963 5113 1117 5185 disciplinas
1130 5114 1229 5180 studio,
1243 5123 1271 5171 et
1281 5129 1356 5169 ianae
1367 5116 1457 5185 glorta
1470 5132 1548 5188 quam
1559 5133 1592 5173 ex
1606 5134 1698 5174 earum
1713 5120 1864 5191 cognitione
1878 5108 2022 5193 captabat,

386 5217 450 5261 aute
463 5207 563 5262 multos
575 5221 658 5260 annos
672 5207 850 5260 detumuerat
864 5203 1049 5276 Augustinus(
1064 5202 1149 5274 lnlro,
1163 5202 1253 5274 Operis
1267 5207 1369 5278 irnperp.
1383 5207 1427 5260 tili.
1440 5207 1468 5270 2,
1483 5224 1541 5276 cup.
1558 5207 1614 5281 st).

422 5297 480 5351 lluc
492 5296 583 5366 adjicit
599 5295 757 5366 Viguierius,
775 5307 915 5365 postquam
932 5295 954 5349 is
967 5294 1065 5350 ibidem
1078 5297 1168 5351 virere
1177 5295 1310 5361 desiisset,
1324 5295 1480 5368 Pelagianos
1490 5300 1591 5354 tumulo
1605 5300 1663 5371 ejus
1677 5301 1727 5355 lioc
1739 5300 1853 5371 elogium
1867 5303 2024 5373 scripsisse:

386 5381 452 5445 lleir
464 5387 491 5440 in
505 5402 567 5458 pace
580 5385 685 5458 quiescit
696 5383 818 5439 lulianus
837 5386 970 5456 episeopus
989 5386 1136 5440 catholicus.
1153 5386 1229 5457 Quod
1252 5386 1416 5459 epitaphium
1430 5404 1490 5445 cuni
1510 5403 1581 5444 nonu
1598 5392 1696 5446 sacculo
1714 5392 1861 5449 etiamtum
1876 5397 2022 5467 legeretur.

386 5477 494 5548 quidam
507 5476 778 5547 semipelagianorum
790 5477 943 5548 dogmatum
956 5474 1076 5534 lautores
1087 5478 1158 5533 illius
1169 5480 1324 5537 memoriani
1347 5479 1487 5537 restituere
1498 5482 1585 5536 eonati
1601 5491 1672 5537 sunt.
1688 5485 1721 5538 ,lt
1732 5484 1948 5542 demonstrarunt
1960 5504 2022 5543 eru·

386 5566 435 5621 diti
448 5565 580 5622 antistites
592 5565 789 5623 Catliolicorum
804 5581 902 5625 nornen
915 5582 1050 5637 uunquam
1061 5583 1113 5622 uon
1125 5583 1268 5641 usurpasse
1281 5569 1454 5640 Pelagianos3
1468 5586 1500 5626 ac
1513 5570 1623 5641 proinde
1637 5575 1701 5632 iiiliil
1719 5577 1864 5648 probibere
1874 5576 2024 5650 liiijusmodi

388 5655 507 5722 titulum,
518 5654 662 5725 quominus
672 5654 716 5711 ille
731 5655 757 5710 iu
773 5655 868 5713 barresi
882 5656 1197 5715 suaniorumsiiabeatur.
1210 5657 1292 5723 Obiit,
1302 5669 1330 5713 ut
1340 5661 1433 5715 scribit
1443 5661 1604 5729 Gennadius,
1619 5664 1766 5736 imperante
1777 5667 1963 5726 Valentiniano
1978 5668 2025 5737 ΙΙΙ.

387 5744 535 5800 snmunttt
555 5743 626 5812 lilio,
648 5755 676 5801 et
700 5746 739 5800 sic
759 5757 820 5809 aute
833 5761 933 5823 antium
948 5747 1047 5803 Cliristi
1068 5749 1358 5823 quadringentesimum
1378 5753 1625 5827 quinquagesimum
1645 5760 1766 5831 quintum
1783 5760 1888 5834 (infra,
1906 5761 2023 5832 Append.
2051 5790 2055 5807 ι

388 5842 461 5904 parte
473 5833 513 5907 Ξ).
528 5836 652 5890 Attamen
666 5835 795 5906 usquead
807 5845 912 5893 actitem
928 5837 949 5894 F
951 5839 1058 5910 ulgeiitii
1072 5841 1157 5914 (juxta
1168 5840 1276 5896 Petrum
1299 5841 1470 5899 l'raiiciseum
1482 5844 1664 5918 Cliiillctiurn,
1679 5869 1748 5909 anno
1762 5853 2024 5925 quadringentesiiiie

387 5926 755 5999 sexagesinosrpttnicnait,
769 5938 797 5985 et
814 5945 884 5985 atino
902 5933 1112 6003 quingentesimo
1130 5934 1245 6007 septimo
1267 5935 1293 5989 iu
1314 5937 1468 6006 episcopum
1486 5943 1634 5998 consecrati
1653 5940 1829 6017 loripedis,
1844 5942 1908 6002 Not.
1922 5946 1947 6002 in
1960 5946 2024 6004 rit.
2112 6004 2136 6029 ἱ,

388 6021 468 6090 peritii
482 6018 576 6089 Vitem,
587 6039 646 6094 pag.
658 6021 733 6097 355Ι)
747 6023 825 6078 uitam
837 6023 994 6094 produxisse
1004 6025 1141 6082 contendit
1154 6025 1313 6101 Vignierins.

426 6107 533 6167 Gelasio
547 6109 645 6169 Smetri
658 6113 830 6184 apostolicam
845 6122 962 6181 tenente,
977 6113 1092 6173 Joaiines
1103 6117 1297 6177 Alexandrinus
1313 6123 1472 6193 patriarcba,
1488 6135 1542 6182 uta
1557 6126 1651 6183 l‘liotio
1665 6136 1771 6186 notatur
1785 6129 1892 6204 (lusia,
1908 6135 2021 6207 lpprrid.
