4900 6892
354 684 427 742 tsttt

349 808 495 868 peccatum
510 797 536 852 in
548 797 666 852 deterius
680 797 822 851 burnanam
838 807 963 852 ntutatam
979 797 1061 852 luisse
1074 802 1150 850 natri-

348 904 415 946 rarn
426 907 434 954 ;
446 902 474 946 et
489 892 540 947 boc
553 889 684 946 adomnia
698 891 759 944 sitia
771 907 830 961 quar
843 891 987 960 patiuntur,
1001 890 1096 945 obesse
1107 903 1153 943 na-

347 983 500 1038 scentibus
514 984 534 1036 ¹.

392 1071 503 1129 LXXV.
523 1072 584 1130 ιιι.
597 1073 625 1129 Si
643 1073 714 1129 enim
732 1073 939 1130 incolumissima
956 1071 1021 1138 lule,
1039 1069 1153 1126 scholari

347 1178 437 1220 utere
448 1164 480 1218 ad
494 1164 673 1219 ostendendas
681 1162 864 1219 tantummodo
878 1162 1036 1220 cruditionis
1051 1172 1102 1215 tuac
1114 1161 1156 1214 ri-

349 1268 425 1319 πω,
446 1269 477 1311 ea
500 1264 617 1311 tentares
630 1269 689 1324 quae
711 1263 773 1309 sunt
792 1254 891 1309 inricta
907 1262 1067 1316 curreutere;
1081 1251 1156 1305 lmito

349 1354 451 1400 tamen
475 1347 628 1401 certaminis
655 1345 767 1407 ludicro,
791 1344 833 1399 bis
853 1343 949 1415 quibus
971 1341 1157 1412 obloquebaris

351 1436 479 1507 gulanam
494 1436 616 1498 tlatnrus;
633 1435 806 1504 probaremus
817 1436 962 1489 litterarum
975 1434 1101 1495 studium,
1111 1431 1158 1487 sed

350 1524 540 1595 irreligiosum
554 1527 745 1595 castigaremus
757 1526 921 1595 exemplum.
939 1525 1022 1579 l‘orro
1038 1540 1097 1578 eum
1111 1523 1159 1577 do·

348 1631 423 1686 uma
437 1630 488 1671 nec
501 1617 737 1671 verisimilioribus
747 1627 873 1687 corrupto
885 1616 979 1670 saltem
995 1614 1085 1670 colore
1099 1630 1159 1685 pcr-

346 1709 462 1768 dnsum,
475 1706 544 1776 quud
557 1707 637 1761 nullis
652 1707 718 1777 legis
733 1707 890 1761 testimoniis
903 1705 1011 1780 (quippe
1025 1719 1158 1777 nunqnam

351 1796 462 1868 rationi
480 1796 729 1868 prejudicantibus)
745 1800 854 1867 potestis
868 1799 950 1864 tueri,
963 1809 989 1852 ct
1004 1798 1055 1852 boc
1070 1807 1158 1851 tamen

354 1888 502 1958 impietate
516 1902 562 1942 sua
577 1886 705 1953 lrnrrcos,
720 1887 830 1942 stultitia
845 1888 949 1958 jacens,
962 1902 1090 1958 nusquam
1109 1887 1159 1941 nisi

355 1978 437 2035 inter
455 1980 560 2049 inguina
579 1980 744 2033 rolrmtatum
757 1979 780 2045 ¹,
796 1979 948 2043 honestate,
965 1978 1159 2048 disputatione,

355 2082 495 2140 sacraque
508 2071 566 2140 lege
579 2069 743 2130 conlussum.
759 2069 911 2139 turpissima
926 2068 1105 2124 obstinatione
1117 2083 1161 2125 se·

356 2162 463 2227 cteris:
482 2163 654 2232 consequitur
667 2176 699 2216 ex
720 2161 804 2216 tribus
820 2177 919 2226 uuum,
936 2170 965 2216 nt
978 2171 1023 2215 aut
1044 2161 1160 2230 plumbei

358 2251 398 2307 ad
415 2251 618 2322 intelligendum
634 2252 780 2318 acuminis,
797 2261 843 2305 aut
855 2249 979 2306 maledcii
1002 2251 1072 2305 illius
1090 2249 1161 2320 quod

358 2342 573 2399 llanlelraeurum
589 2343 723 2415 mysteriis
737 2342 834 2409 teucri,
849 2341 929 2397 lando
940 2341 1102 2411 accepimns,
1115 2355 1162 2395 ca·

358 2441 455 2497 tenes,
470 2439 516 2487 aut
530 2441 672 2502 utrumque
683 2431 761 2486 simul
776 2432 878 2501 perpeti
889 2431 1029 2501 judiceris.

401 2525 473 2578 dcc.
491 2521 663 2591 Quantolibet
682 2521 793 2574 rationis
807 2520 915 2575 nomine
928 2528 1021 2575 contra
1042 2519 1164 2575 testimu-

352 2612 409 2668 ar'ia
435 2612 541 2677 divina,
558 2625 617 2680 quac
636 2609 796 2681 proferimus
809 2610 871 2675 tibi,
893 2624 1012 2680 pugnare
1031 2608 1163 2676 ridearis,

352 2704 422 2758 r'tcn
435 2701 480 2755 illa
493 2701 627 2756 subvertis
638 2717 646 2767 ;
657 2699 704 2755 sed
718 2708 745 2755 te
756 2709 862 2766 texant,
873 2714 934 2754 cum
945 2699 957 2731 ⁸
967 2707 1060 2755 eontra
1071 2699 1166 2755 stimu—

357 2794 424 2849 lum
445 2792 542 2847 calces.
564 2793 627 2856 llic,
646 2801 774 2861 quantum
790 2801 883 2860 potes,
905 2792 974 2846 inter
997 2791 1105 2862 inguina
1118 2804 1166 2845 ro·

356 2882 519 2947 tenutam,
533 2899 543 2934 ι
560 2881 606 2951 qui
621 2881 666 2935 tibi
676 2881 751 2946 dicit,
766 2889 903 2949 expertem
918 2894 971 2935 non
983 2895 1044 2935 esse
1056 2879 1163 2947 delicti,

360 2974 513 3044 utriusque
528 2987 608 3028 setus
619 2971 809 3026 commixtione
816 2979 974 3040 conceptum
990 2970 1164 3045 (derisorius,

352 3061 532 3134 (rinmunt).
543 3061 700 3118 dmbrosius
709 3070 751 3116 est
766 3061 825 3126 iste,
840 3058 1063 3131 iulianerrpaete
1073 3061 1165 3128 vineit,

355 3168 452 3227 quern
466 3169 521 3208 non
534 3154 617 3209 audes
630 3167 729 3224 negare
741 3151 919 3220 catboliemn,
941 3166 1075 3222 nunquam
1093 3160 1167 3208 certe

354 3249 536 3304 dicturusne
554 3246 739 3300 llauielraum.
754 3243 823 3313 Quin
837 3245 918 3300 etlam
932 3260 976 3300 me
989 3254 1034 3300 aut
1049 3245 1167 3316 mumbei

340 3350 435 3394 use
449 3337 578 3392 acuminis
594 3336 627 3391 ad
642 3336 862 3407 intelligendum,
878 3344 925 3391 aut
937 3337 1024 3392 teneri
1036 3336 1167 3393 maledclo

361 3426 524 3492 leontini,
537 3435 583 3481 aut
600 3436 744 3496 utrumque
759 3425 839 3481 simul
861 3427 964 3496 perpeti
981 3425 1111 3481 aldruraa.
1130 3427 1168 3482 lte

364 3518 514 3575 mirabel
528 3515 661 3572 maledicio
679 3517 720 3571 rei
737 3527 782 3571 tuo
803 3517 944 3583 comicie,
957 3516 1013 3586 lam
1035 3517 1084 3574 tibi
1096 3528 1168 3589 sepe

363 3606 573 3676 coaptabimus,
583 3606 803 3676 etopportunius,
813 3606 1166 3676 cumopuscsseridebitur,

363 3696 464 3752 adbuc
478 3696 589 3752 lorsitan
608 3696 839 3766 respondebimus.
859 3695 937 3751 Nunc
951 3696 985 3752 dc
1000 3696 1123 3766 plumbeo
1135 3694 1168 3751 ad

369 3787 579 3861 intelligendum
592 3789 731 3854 acumine',
748 3787 873 3844 barotice
887 3789 1012 3855 verlano,
1026 3789 1167 3859 responde.

350 3876 511 3937 'haam
522 3888 597 3936 certe
607 3880 755 3950 quinoilet,
766 3881 788 3935 si
803 3879 827 3935 id
837 3890 909 3936 essct
924 3881 949 3934 in
964 3880 1080 3936 bominis
1090 3890 1166 3950 pote·

369 3978 456 4037 mite,
465 3969 574 4039 ingenie
585 3969 688 4026 vividus
700 3979 780 4041 atque
789 3972 822 4025 ad
833 3972 1031 4041 intelligendum
1044 3970 1168 4026 acutissi-

371 4078 436 4118 tnrts
449 4063 541 4128 nasci3
555 4073 582 4117 et
593 4077 673 4133 quam
688 4063 740 4116 rari
753 4064 805 4117 siut
817 4064 877 4133 quis
888 4063 1007 4133 ignorati
1020 4061 1070 4131 Qui
1080 4071 1167 4117 tammt

372 4170 471 4209 ‹rnrncs
493 4154 543 4223 ipsi
570 4153 741 4223 paucissimi,
770 4153 792 4207 si
806 4152 922 4208 bontitris
944 4153 989 4222 qui
1008 4151 1110 4221 primus
1128 4161 1169 4206 cst

373 4247 473 4310 iactus,
485 4254 673 4315 comparentur
686 4242 803 4315 ingenio,
813 4242 930 4313 plumbei
937 4242 1100 4311 judicantur.
1111 4241 1168 4295 Non

373 4338 447 4390 eninr
460 4345 533 4398 tuac,
549 4337 618 4390 sieut
628 4350 708 4399 nunc,
720 4349 818 4403 corpus
829 4332 1001 4402 corruptibile
1010 4331 1171 4402 aggravabat

374 4427 492 4481 animam
512 4425 588 4499 (Sap.
613 4441 655 4489 rx,
680 4424 735 4495 15).
759 4425 812 4478 dut
830 4423 901 4478 enim
921 4421 1092 4490 corruptibile
1115 4433 1168 4473 nrrn

375 4527 444 4581 erat,
467 4516 529 4586 quia
544 4531 597 4569 nrm
610 4522 667 4570 erat
678 4515 822 4569 moriturus
832 4512 928 4576 Adam,
946 4512 998 4566 nisi
1011 4519 1146 4582 peccasset
1160 4528 1168 4565 ε

375 4617 419 4662 aut
437 4607 470 4664 si,
483 4614 512 4660 ut
523 4620 571 4660 ros
584 4607 643 4659 nuri
655 4605 772 4660 baeretici
783 4604 878 4669 dicitis,
892 4604 941 4659 etsi
956 4620 1008 4657 nort
1020 4611 1168 4674 peccasset,

375 4698 524 4751 moriturus
535 4705 624 4760 csset;
643 4711 696 4749 non
713 4703 801 4749 tamen
818 4695 852 4748 ita
870 4703 912 4748 est
924 4694 1074 4757 institutus,
1089 4709 1168 4763 quem

377 4786 465 4856 primo
476 4786 547 4842 bens
561 4785 671 4852 lecerat,
684 4785 764 4855 etqui
776 4784 839 4838 mali
851 4783 937 4839 adbuc
952 4785 1017 4838 nibil
1032 4783 1134 4840 lecerat
1146 4783 1166 4849 ⁸,

378 4886 407 4933 ιιι
428 4877 486 4948 ejus
500 4879 588 4931 anima
609 4892 721 4947 corpore
741 4885 906 4946 gravaretur.
926 4875 992 4942 Quis
1013 4878 1084 4931 enim
1102 4877 1169 4933 banc

378 4983 558 5039 sareptenam
573 4979 665 5039 neget,
679 4968 729 5022 nisi
744 4968 789 5037 qui
799 4968 913 5038 amplius
924 4969 1028 5023 cacteris
1040 4983 1169 5039 aggrava-

376 5062 437 5117 turl
453 5062 480 5117 Si
499 5076 564 5132 ergo
577 5059 739 5116 blaniclucus
757 5060 917 5130 interroget,
928 5059 998 5114 unde
1007 5060 1042 5115 sit
1052 5059 1103 5114 boc
1117 5068 1170 5114 tar·

376 5153 470 5208 ditatis
480 5155 589 5217 malum,
600 5168 653 5208 non
667 5150 867 5220 iucurporibus,
880 5150 927 5205 scd
940 5151 966 5205 in
978 5151 1051 5221 ipsis,
1064 5151 1109 5206 ubi
1123 5151 1169 5206 Dei

376 5255 419 5300 cst
430 5245 517 5316 imago
527 5244 639 5315 ingeniis
649 5242 783 5308 immanis,
793 5256 853 5311 quc
864 5241 973 5297 tarditas
984 5243 1170 5313 perreoitgra-

377 5335 460 5390 datim
479 5350 562 5405 usque
580 5333 771 5397 adridendam,
788 5333 829 5387 rel
839 5334 938 5401 potius,
953 5333 1022 5388 sieut
1035 5332 1170 5402 Scriptura

376 5436 554 5492 commonet,
578 5440 660 5494 nsque
680 5423 713 5478 ad
742 5422 883 5494 lugendam
905 5421 1053 5478 fatuitatem
1074 5421 1169 5496 (Eccli.

381 5528 455 5578 tan,
472 5515 533 5587 lb):
547 5515 737 5584 respondemus
747 5528 806 5579 nos,
820 5523 847 5569 et
861 5513 918 5569 baec
931 5523 958 5569 et
969 5514 1058 5569 omnia
1075 5525 1170 5572 cetera

379 5605 461 5671 main,
482 5622 542 5660 curn
561 5607 657 5675 quibus
675 5607 783 5670 nascit,
804 5620 902 5675 negare
919 5607 960 5659 rel
980 5606 1102 5662 dubitare
1116 5623 1169 5663 non

411 5714 420 5746 ¹
440 5715 626 5776 aespmtrsiouem
648 5716 710 5763 trane
731 5715 853 5777 augustini
871 5721 945 5764 tutam
957 5724 1107 5776 praetereunt
1118 5718 1170 5766 cdi-

378 5774 469 5832 tlones,
485 5777 580 5825 tametsi
593 5788 622 5824 ca
640 5776 787 5825 inmunibus
807 5782 890 5826 exstet
900 5778 1083 5839 nmuuscriptla,
1099 5778 1171 5829 lulitt-

379 5846 438 5882 aum
450 5835 537 5884 eciem
547 5845 692 5898 argumento
704 5839 792 5896 premit
803 5837 877 5897 iuba,
890 5837 932 5886 lib.
945 5838 969 5899 5,
981 5851 1034 5901 cap.
1049 5840 1086 5887 ll.

412 5895 423 5926 ⁸
439 5894 519 5944 cades
531 5901 604 5956 Part,
616 5895 769 5958 ιιιιιιμιαιιιιιι.

407 5964 418 5994 ⁸
435 5973 473 6010 tue
489 5963 613 6017 arlrlitnus,
626 5973 689 6015 ctam,
704 5974 735 6008 er
746 5958 828 6010 erlice
840 5967 902 6009 t'ort.

407 6025 418 6052 ⁸
436 6026 520 6070 tstlrrec
533 6025 622 6079 rectu,
643 6029 666 6070 et
684 6019 725 6080 qot'
736 6019 793 6069 ntuli
813 6019 891 6070 adbuc
902 6020 962 6072 rtiltil
980 6023 1084 6087 fr’ccrcl,
1098 6025 1172 6078 resti-

375 6087 476 6131 tuturtur
492 6095 522 6129 ex
537 6092 648 6132 ceterum
661 6084 775 6131 librurmtt
788 6082 840 6132 lita
938 6127 942 6134 .

407 6143 419 6174 ⁸
435 6148 507 6192 terte
517 6143 662 6198 aldradum,
673 6143 786 6193 irunrinss.

1035 674 1136 732 btttctt
1155 671 1326 742 QuatttttS.

1927 670 1998 738 llll

1208 805 1360 862 ponamus,
1375 794 1520 863 primorum
1538 795 1651 849 duorum
1670 806 1695 850 et
1708 796 1819 852 aliorum
1833 795 1929 853 deiude
1951 807 1999 869 pa·

1208 893 1313 938 rentum
1332 884 1447 952 peccatis
1468 898 1529 939 csse
1549 885 1704 950 tribuenda;
1719 887 1843 956 quoniam
1858 903 1912 943 non
1934 904 1998 959 pos-

1208 980 1272 1026 sunt
1293 972 1372 1027 tribul
1395 974 1561 1027 nascentium
1577 973 1715 1028 voluntati.
1737 975 1796 1030 arra
1820 976 1921 1047 quippe
1943 980 2001 1033 aui·

1209 1061 1299 1127 maiia,
1311 1071 1339 1116 ut
1358 1078 1418 1117 cnm
1431 1064 1486 1118 suis
1496 1065 1601 1133 generis
1620 1065 1690 1119 vitiis
1702 1067 1827 1122 nonnulla
1846 1081 2000 1138 nascantur,

1209 1152 1272 1224 quid
1292 1153 1388 1208 mirum
1408 1155 1431 1207 si
1448 1155 1581 1225 accipiunt
1602 1154 1659 1210 baec
1679 1155 1751 1211 noxii
1774 1158 1883 1227 spiritus
1904 1159 1931 1214 iu
1951 1175 2001 1230 po·

1208 1252 1343 1307 testatem,
1355 1243 1579 1313 quemadmodum
1592 1259 1698 1316 porcos,
1711 1255 1739 1301 ut
1749 1249 1880 1314 norimus,
1892 1263 2003 1320 accepts·

1211 1343 1272 1387 runt
1284 1332 1389 1403 (lluttlt.
1405 1350 1464 1399 rut,
1478 1335 1545 1405 bil?
1564 1335 1613 1402 Qut
1634 1336 1741 1406 maligni
1756 1338 1865 1407 spiritus
1880 1329 2003 1408 pessunt,

1211 1425 1280 1478 siem
1293 1424 1416 1480 homines
1430 1426 1622 1479 irrationalimn
1645 1427 1763 1480 ntcmlrra
1777 1429 1951 1495 animalium,
1966 1432 2001 1484 ita

1211 1515 1336 1570 illieliarn
1360 1516 1416 1586 ipsa
1433 1516 1535 1571 semina
1551 1517 1654 1572 vitiare.
1673 1517 1709 1571 De
1724 1515 1876 1573 horninibus
1890 1522 2002 1589 questio

1212 1615 1268 1670 cst,
1282 1606 1415 1675 inquibus
1432 1606 1476 1660 bet
1491 1607 1577 1677 imago
1592 1623 1726 1677 nunquam
1742 1607 1908 1663 diversorum
1924 1611 2004 1663 ritio-

1211 1709 1272 1751 runt
1283 1736 1290 1758 ‚
1303 1710 1364 1752 cum
1378 1697 1475 1767 quibus
1487 1713 1533 1751 eus
1547 1698 1619 1751 nasei
1633 1697 1768 1763 ridemus,
1785 1714 1878 1768 peenas
1897 1710 2002 1768 patere·

1213 1794 1274 1851 tur,
1289 1802 1355 1857 quas
1374 1787 1427 1858 pati
1448 1804 1499 1842 non
1512 1798 1604 1858 posset
1621 1788 1746 1859 injustas,
1768 1791 1817 1844 nisi
1833 1793 1946 1860 peccastis
1962 1791 2006 1862 gi·

1212 1879 1348 1948 gncntium
1360 1877 1571 1948 praecedentibus
1585 1879 1672 1948 :rpuod
1681 1895 1727 1934 ros
1738 1890 1875 1951 negantes,
1889 1892 1913 1936 et
1926 1881 2005 1936 iidem

1212 1972 1371 2026 catholicam
1392 1971 1529 2036 descritis,
1545 1980 1572 2025 et
1589 1970 1725 2026 llanicbri
1737 1972 1833 2042 dogma
1855 1973 2004 2039 celarium,

1213 2070 1340 2132 quantum
1353 2070 1446 2131 optare
1460 2078 1512 2114 ιιοιι
1528 2076 1608 2115 atrsus
1621 2070 1671 2126 est,
1685 2061 1826 2130 adjtrttatis,
1843 2071 1871 2116 ιιι
1884 2062 1934 2117 sibi
1947 2077 2007 2118 cer·

1214 2160 1256 2207 tus
1269 2166 1431 2222 securusque
1447 2152 1575 2216 rideatur,
1588 2152 1725 2207 bominum
1736 2153 1857 2222 opilieem
1878 2169 1930 2208 non
1941 2170 2007 2210 eon·

1215 2244 1283 2299 dteri
1302 2259 1394 2298 rerum
1414 2245 1513 2308 Deum,
1528 2243 1574 2298 sed
1589 2253 1696 2314 gentem
1712 2243 1721 2275 ¹
1741 2243 1910 2300 introducere
1931 2252 2007 2301 tene·

1214 2331 1334 2388 brarum.
1389 2357 1391 2360 ·

1251 2443 1368 2500 mil.
1383 2444 1441 2501 lna.
1456 2445 1509 2500 Nus
1524 2460 1588 2500 reru
1599 2443 1665 2501 nibil
1684 2445 1821 2513 babemus,
1833 2446 1904 2518 qued
1918 2447 1944 2502 in
1957 2462 2008 2504 no·

1216 2542 1273 2591 stro
1286 2534 1470 2589 admirandum
1483 2535 1623 2590 credamus
1633 2536 1749 2606 ingenio,
1758 2536 1820 2606 quia
1835 2535 2008 2608 intelligimus

1216 2638 1267 2681 nec
1281 2633 1418 2694 peceatum
1433 2626 1491 2681 sine
1504 2625 1656 2689 voluntate,
1670 2641 1720 2682 nec
1739 2627 1797 2682 sine
1809 2626 1865 2683 beo
1876 2641 2008 2699 corpora,

1216 2730 1268 2772 nee
1281 2717 1339 2773 sine
1352 2716 1508 2786 corporibus
1521 2732 1615 2772 sensus
1627 2732 1780 2788 corporum,
1796 2734 1846 2775 uec
1860 2719 1918 2774 sine
1930 2735 2007 2777 com·

1217 2807 1346 2865 mixtione
1360 2808 1497 2881 cutrjugla,
1512 2823 1562 2865 nec
1576 2808 1634 2864 sine
1656 2810 1711 2864 beo
1733 2819 1875 2881 operatore
1893 2812 2009 2870 existere

1216 2912 1298 2970 posse
1312 2908 1454 2954 sementes
1468 2916 1475 2952 :
1487 2906 1514 2955 et
1528 2898 1706 2955 indubitatum
1720 2909 1854 2968 tenemus,
1871 2916 1957 2973 neque
1969 2902 2012 2960 di·

1217 2988 1308 3044 rittnm
1323 3004 1393 3056 esse,
1409 2988 1480 3060 quod
1492 2989 1620 3044 doceatur
1630 2989 1755 3060 injustum
1766 3007 1775 3057 ;
1786 3006 1874 3063 neque
1886 2991 1958 3064 quod
1970 2992 2012 3049 di·

1217 3078 1311 3134 vinum
1325 3080 1371 3146 sit,
1382 3094 1462 3151 posse
1477 3078 1603 3149 injustum
1618 3079 1719 3136 doceri.
1733 3079 1792 3136 Non
1805 3082 1894 3158 minus
1907 3091 2009 3150 autern,

1218 3184 1298 3241 quant
1314 3183 1345 3225 ea
1358 3185 1418 3239 quas
1431 3169 1557 3238 diximus,
1570 3172 1671 3226 relucet
1685 3186 1744 3226 esse
1761 3171 1892 3242 iniquum,
1907 3171 1931 3229 si
1941 3173 2011 3228 aliu'·

1220 3274 1281 3315 rum
1294 3269 1404 3331 peccata
1416 3260 1484 3325 aliis,
1502 3260 1547 3331 qul
1563 3260 1598 3314 ibi
1612 3276 1661 3316 nec
1671 3260 1778 3325 luerint,
1790 3262 1888 3318 nedum
1897 3276 2012 3319 conmo-

1218 3342 1321 3418 ter'iut,
1348 3351 1521 3422 imputentur.
1542 3350 1658 3406 Proinde
1683 3351 1725 3406 liis
1745 3352 1883 3407 illuminati
1909 3351 2013 3409 solibus

1217 3440 1279 3511 lure
1290 3442 1391 3513 optimo
1399 3441 1604 3514 blauicltaorum
1616 3444 1627 3475 ¹
1638 3452 1714 3497 antra
1727 3441 1899 3514 despicimus,
1909 3444 1954 3516 qni
1965 3460 2013 3512 pa·

1220 3539 1279 3587 tant
1291 3532 1332 3586 rel
1344 3545 1405 3586 esse
1424 3545 1504 3602 posse
1516 3531 1576 3586 sine
1589 3531 1727 3586 voluntate
1739 3540 1877 3602 peceatum
1886 3572 1894 3599 ,
1904 3534 1947 3588 rel
1959 3548 2012 3589 uon

1221 3618 1304 3678 alien
1317 3620 1439 3678 homines
1454 3621 1528 3688 deri,
1545 3623 1588 3677 rel
1603 3621 1636 3678 ad
1651 3621 1733 3678 alium
1745 3631 1882 3679 auctorem
1904 3638 2014 3681 senseat

1220 3728 1379 3785 corporum,
1394 3714 1467 3770 etad
1483 3714 1563 3768 alium
1578 3727 1690 3783 corpora
1705 3713 1854 3784 pertiuerc;
1870 3715 1911 3770 rel
1926 3714 2011 3771 Deum

1220 3816 1290 3870 esse,
1318 3805 1364 3877 qni
1385 3805 1556 3876 iniquitatum
1582 3804 1739 3860 criminibus
1761 3807 1944 3877 opprimatur;
1968 3818 2014 3864 aut

1220 3899 1323 3955 scelere
1338 3897 1485 3969 iniquitatis
1498 3897 1585 3967 urgeri
1597 3913 1675 3964 cum,
1699 3897 1744 3968 qui
1765 3908 1882 3955 attentus
1894 3900 2014 3956 omnium

1220 3988 1343 4044 conditor
1353 3989 1519 4054 aestimetur;
1534 3999 1580 4043 aut
1600 3989 1723 4044 umbram
1736 3990 1853 4061 aliquam
1864 4000 1955 4048 tencre
1968 3993 2014 4062 ju·
2058 3982 2063 3999 '

1220 4079 1319 4144 stitias,
1343 4079 1365 4132 si
1393 4080 1504 4133 aliorum
1528 4080 1678 4135 voluntates
1699 4081 1813 4137 alioruin
1842 4086 2013 4155 applicentur

1221 4169 1369 4224 exortibus.
1387 4169 1424 4223 dc
1439 4185 1486 4238 per
1503 4168 1553 4224 boc
1569 4172 1661 4225 merita
1681 4173 1795 4242 partium
1812 4175 1942 4244 negotiis,
1958 4190 2011 4231 non

1221 4257 1334 4327 trigenis
1349 4257 1518 4326 impacturus.
1612 4325 1615 4331 Ι

1257 4347 1324 4404 dra.
1338 4346 1396 4403 lant
1409 4348 1455 4402 tibi
1466 4348 1498 4402 ad
1513 4350 1602 4403 otnnia
1614 4348 1739 4419 respondi
1754 4367 1822 4408 :uec
1833 4352 2012 4410 ideollrmau·

1223 4449 1267 4496 tur
1280 4440 1410 4495 adversus
1423 4456 1476 4507 me,
1490 4441 1550 4511 quia
1562 4450 1614 4496 tam
1628 4457 1699 4512 supe
1711 4453 1737 4498 et
1752 4445 1844 4501 odiose
1859 4456 2015 4517 repetuntur

1221 4542 1237 4583 a
1254 4538 1289 4585 te.
1304 4530 1353 4586 liic
1368 4530 1463 4600 potins,
1481 4532 1502 4585 si
1517 4539 1603 4600 potes,
1618 4533 1688 4588 unde
1705 4533 1819 4590 bumana
1834 4537 1939 4608 ingenia
1952 4553 2013 4595 cunt

1222 4627 1294 4675 tanta
1305 4620 1460 4691 pierumque
1473 4621 1615 4676 vitiositate
1630 4632 1788 4691 nascantur3
1802 4640 1863 4681 curn
1881 4627 1951 4682 inter
1965 4644 2014 4683 nos

1222 4713 1450 4768 cunt-cniattutius
1463 4712 1577 4769 bominis
1592 4729 1651 4769 esse
1662 4715 1785 4785 opidccm
1805 4716 2011 4788 Deumjustum,

1221 4809 1251 4857 et
1261 4818 1308 4858 ros
1321 4803 1441 4873 negatis⁸
1453 4803 1533 4859 ullum
1547 4805 1674 4874 originale
1685 4806 1842 4874 peccatum?
1852 4807 1912 4862 Non
1924 4817 2012 4864 autern

1222 4895 1327 4951 diceres
1343 4897 1456 4949 aliorum
1479 4906 1586 4965 peccata
1608 4910 1657 4950 nos
1677 4897 1736 4952 aliis
1750 4898 1898 4967 imputare,
1913 4899 1957 4969 qui
1978 4887 2027 4955 lbi

1222 4984 1329 5056 quando
1342 4985 1485 5040 commissa
1508 4993 1587 5052 sunt,
1612 5000 1664 5040 non
1689 4985 1814 5054 luerunt,
1839 4989 1861 5043 si
1883 4989 2014 5046 recoleres

1221 5076 1294 5147 quud
1313 5075 1440 5142 scriptum
1460 5085 1516 5138 e-t,
1537 5076 1563 5129 in
1579 5075 1675 5130 lumbis
1695 5077 1808 5132 Abrabae
1826 5076 1909 5134 luisse
1931 5079 2013 5142 Leri,

1223 5166 1330 5238 quando
1344 5166 1467 5220 eumdem
1488 5166 1622 5221 Abrabam
1638 5167 1833 5223 lleleltisedeeb
1850 5169 1895 5224 bei
1916 5170 2015 5226 excelsi

1223 5256 1365 5311 decimarit
1377 5257 1487 5311 antistes
1503 5255 1600 5327 (debr.
1618 5273 1663 5322 ru,
1680 5257 1707 5322 9,
1721 5257 1782 5330 ld).
1800 5258 1836 5313 lbi
1856 5260 1928 5314 enim
1943 5260 2016 5314 ride·

1223 5363 1285 5412 res,
1305 5348 1327 5402 si
1348 5359 1374 5402 te
1390 5349 1537 5417 peruicacia
1559 5365 1611 5401 uon
1631 5357 1759 5413 caecrret,
1784 5349 1811 5403 in
1834 5349 1930 5404 lumbis
1951 5349 2016 5405 aaa

1224 5437 1306 5493 ltrisse
1329 5455 1412 5510 genus
1444 5439 1608 5506 humanum,
1635 5438 1742 5509 quando
1764 5443 1926 5511 perpetrarit
1952 5441 2017 5497 illud

1224 5530 1325 5600 grande
1341 5540 1489 5599 peccatum.

1261 5618 1388 5673 lxlii'lt.
1404 5618 1463 5674 dut.
1475 5619 1528 5675 Sed
1543 5630 1571 5674 ut
1583 5629 1751 5676 revertamur
1763 5621 1795 5676 ad
1806 5637 1925 5684 causam,
1941 5629 2015 5689 post·

1224 5725 1303 5781 quam
1314 5709 1414 5773 dixisti,
1428 5727 1471 5766 nte
1486 5731 1496 5763 ι
1510 5712 1569 5767 ideo
1579 5712 1696 5769 noluisse
1709 5713 1952 5782 concupiscentiam
1968 5727 2016 5764 tro·

1226 5802 1338 5865 minare,
1354 5802 1414 5870 quia
1435 5817 1488 5855 non
1502 5813 1573 5855 essct
1583 5819 1616 5858 ex
1630 5804 1719 5866 Patre,
1734 5804 1780 5857 sed
1793 5817 1824 5857 ct
1839 5800 1955 5866 mnndo;
1970 5816 2016 5855 ru·

1222 5891 1267 5960 jus
1282 5891 1374 5947 mundi
1397 5894 1520 5966 princeps
1534 5895 1621 5950 dictus
1640 5907 1681 5951 est
1696 5894 1815 5950 diabulus
1829 5909 1837 5944 ε
1851 5893 1895 5963 qui
1909 5906 1968 5947 eant
1988 5892 2015 5948 itt

1257 6028 1265 6060 ¹
1283 6026 1341 6076 ratu
1353 6041 1407 6077 cum
1418 6034 1472 6078 ilar.
1486 6029 1554 6089 cir,
1568 6038 1676 6080 mentun.
1689 6038 1714 6091 sp
1723 6029 1770 6076 tius
1781 6034 1854 6087 rore,
1862 6034 1967 6093 pectet».

1258 6091 1267 6118 ’
1284 6089 1319 6136 >ie
1330 6095 1382 6136 ltus.
1396 6096 1419 6138 ta
1432 6094 1508 6152 rign,
1522 6090 1655 6142 ,tartielroetss

1258 6149 1269 6181 ⁸
1284 6150 1363 6209 Forte,
1375 6164 1396 6198 rr
1404 6153 1470 6213 prtia.
