4900 6892
404 719 408 730 ,
441 658 510 713 taor

408 738 413 789 ξ
438 769 502 825 dum
518 779 561 824 tm
572 767 658 839 jacula
671 765 804 821 resilirent
819 768 865 817 :et
876 760 935 815 ideo
947 758 981 815 de
994 757 1129 812 atrtithetis
1140 754 1232 824 dispu-

438 861 566 915 tationem
584 857 773 927 interposuisse
787 852 966 924 superfluam.
982 847 1091 904 utillud
1107 847 1234 901 invictum

440 951 525 1007 lector
538 950 654 1010 oblitos.
671 947 771 1001 sineret
785 954 810 999 te
825 944 850 998 in
865 943 918 1004 eis.
933 953 1106 1012 quacumque
1121 937 1235 993 ittlerres

441 1043 593 1106 vanissima,
608 1040 748 1108 respirare,
764 1046 888 1106 tanquam
903 1032 1107 1103 respondentem
1121 1027 1233 1099 aliquid.

440 1141 470 1188 et
482 1133 614 1187 dicentem
629 1130 704 1184 nihil.
721 1129 766 1184 ste
779 1128 876 1198 quippe
891 1124 1098 1180 imbecillitatem
1112 1121 1235 1190 cell¹⁰ris

441 1221 584 1285 infantilis,
606 1221 697 1276 multis
715 1219 856 1274 obnoxiam
876 1217 982 1271 ensibus
1005 1213 1136 1276 intulisti,
1158 1211 1236 1282 quasi

440 1314 484 1368 rel
506 1314 533 1368 in
554 1315 610 1382 ipsa
624 1313 823 1373 cruciarentur,
839 1309 880 1364 rel
901 1309 926 1363 in
949 1308 1007 1377 ejus
1028 1314 1100 1360 tanta
1121 1303 1235 1357 indemi-

442 1409 495 1457 trte
509 1411 712 1472 promerentur,
730 1401 771 1456 rel
786 1401 825 1455 eis
838 1399 960 1454 accidere
975 1399 1000 1451 ie
1015 1398 1058 1452 itta
1072 1404 1153 1450 :etate
1172 1392 1235 1448 tnali

442 1493 542 1560 aliquid
558 1501 667 1562 posset,
682 1493 704 1545 si
721 1502 815 1547 natura
830 1491 943 1544 bumana
961 1487 1158 1542 sictttinstittrta
1176 1484 1236 1539 inc·

370 1649 373 1654 A
443 1590 502 1643 nrt.
518 1591 694 1651 permaneret.
714 1581 767 1637 Cur
783 1580 904 1635 exsrrtttet
919 1577 1091 1648 baptizandos
1112 1575 1237 1646 praesules

444 1672 563 1727 Ecclesia
576 1672 690 1737 Christi,
706 1671 835 1739 ostende,
856 1670 880 1726 si
903 1679 978 1740 potes
994 1685 1002 1734 ;
1017 1677 1065 1722 aut
1085 1683 1131 1723 cos
1145 1666 1237 1721 ensui-

444 1761 547 1817 liandos
560 1778 614 1817 non
628 1777 688 1819 esse
701 1762 851 1827 contende,
867 1761 889 1817 si
903 1769 978 1833 potes
992 1778 1000 1826 ς
1012 1770 1059 1814 aut
1069 1759 1237 1822 obmutesce,

444 1855 467 1910 si
488 1869 541 1909 non
556 1864 653 1926 potes:
672 1855 727 1910 into
739 1855 916 1920 obmutesco,
933 1852 994 1925 qnia
1017 1867 1068 1907 non
1083 1858 1169 1922 potes.

480 1946 605 2002 cxtttt.
624 1946 684 2002 im.
700 1945 752 2001 Pro
766 1945 918 2000 conditione
931 1943 1050 2012 mortalis
1062 1940 1181 2011 corporis
1194 1939 1237 1994 in-

437 2046 556 2091 ‘enrrrtnt
566 2046 593 2091 et
605 2035 788 2106 aegritudinum
803 2050 945 2095 aerumnas.
959 2041 986 2089 et
997 2032 1119 2088 dotorum
1134 2044 1237 2100 peenas,

446 2133 473 2178 et
485 2126 601 2193 pericula
616 2125 778 2180 morborum.
799 2123 857 2179 Non
876 2124 961 2180 soltttn
981 2137 1045 2192 ergo
1060 2120 1175 2193 parvulis
1191 2136 1240 2175 ne-

447 2216 590 2270 eessariam
612 2216 724 2281 Christi,
739 2230 753 2268 a
769 2230 821 2286 qno
844 2224 870 2270 et
890 2215 951 2270 lacti
973 2221 1056 2279 sunt,
1081 2212 1240 2269 medicinam

447 2302 562 2359 [atteritur
575 2320 583 2370 ;
597 2305 644 2359 sed
659 2306 738 2360 etiam
753 2306 871 2359 omniunt
887 2304 1037 2360 mortalium
1056 2313 1168 2358 naturae.

484 2393 550 2448 doe.
570 2393 641 2462 Ergo
658 2403 685 2448 et
703 2394 729 2447 in
754 2394 875 2462 paradiso
896 2394 984 2448 omnia
999 2391 1049 2446 ista
1064 2392 1132 2447 mala
1153 2391 1241 2447 lutera

447 2481 529 2536 litbse
538 2483 663 2550 eraditis,
674 2484 697 2537 si
710 2499 789 2539 nemo
804 2495 940 2554 peccasset
951 2501 959 2550 ;
974 2493 1001 2539 et
1013 2495 1114 2540 mortes
1126 2485 1179 2540 illic
1192 2484 1242 2540 bo·

447 2571 568 2637 mirmrn,
585 2582 709 2644 tanquam
731 2590 871 2645 pecorum,
885 2576 1023 2646 cogitatis,
1041 2578 1101 2647 quia
1117 2577 1242 2634 onmihna

448 2660 483 2716 ihi
496 2676 664 2718 eontrnunem
677 2665 863 2720 mortalitatem
875 2679 1016 2735 corporum
1027 2667 1144 2722 creditis.
1156 2667 1179 2722 0
1193 2667 1243 2722 nti·

447 2751 501 2805 scri
518 2753 525 2806 l
542 2754 564 2808 si
581 2754 771 2811 beatitudinem
786 2756 836 2811 loci
852 2757 922 2811 illius
936 2757 1082 2814 christiano
1093 2760 1242 2829 cogitaretis

449 2841 546 2896 afft‘eitt
562 2859 570 2909 ;
592 2859 644 2899 nec
663 2844 761 2900 bestias
776 2846 810 2901 ibi
824 2848 967 2903 morituras
982 2847 1063 2905 luisse
1077 2850 1241 2917 moderetis,

448 2932 519 2988 sicut
538 2949 587 2990 nec
605 2934 765 3003 saevituram
789 2937 837 2993 sed
853 2937 1004 2994 hominibus
1028 2940 1140 2996 mirabili
1165 2956 1242 2996 ntan-

449 3025 591 3083 snetudine
603 3028 722 3084 subditas
734 3071 741 3096 ‚
754 3045 805 3086 nee
819 3038 921 3100 pastum
935 3030 968 3087 de
987 3032 1096 3088 alternis
1112 3036 1244 3091 mortibus

450 3116 626 3184 quesituras,
645 3118 691 3172 sed
705 3120 856 3174 communia
867 3161 875 3185 ‚
887 3121 955 3176 sicut
967 3123 1094 3191 scriptum
1106 3132 1160 3189 est,
1181 3139 1243 3180 cttm

451 3205 602 3260 lrorninibus
614 3207 739 3263 alimenta
752 3219 904 3281 stnnptnras
920 3215 927 3244 ¹
941 3211 1017 3283 (Gen.
1029 3229 1048 3279 ι,
1059 3213 1107 3281 29,
1121 3214 1178 3284 etl.
1191 3217 1245 3270 hut

450 3294 474 3348 si
488 3310 535 3350 cas
550 3296 641 3351 ultima
656 3309 763 3353 senecta
778 3299 953 3369 dissolveret,
977 3311 1005 3358 ιιι
1024 3304 1079 3358 sola
1100 3305 1135 3360 ibi
1151 3314 1243 3360 natura

452 3384 565 3441 hornana
578 3388 657 3442 ritant
682 3388 829 3457 possideret
850 3402 1000 3462 aeternam:
1019 3409 1068 3449 cnr
1080 3410 1133 3449 non
1148 3395 1243 3452 creda·

451 3490 511 3530 nius
526 3477 595 3546 qnod
608 3477 776 3535 auferrentur
787 3480 821 3536 de
836 3482 956 3551 paradiso
967 3485 1112 3551 moritura,
1128 3486 1170 3540 rel
1184 3485 1245 3542 inde

450 3580 531 3621 sensu
553 3567 716 3624 imminentis
738 3570 831 3626 mortis
850 3572 970 3639 exirent,
984 3588 1018 3628 ne
1036 3589 1108 3628 mors
1121 3574 1244 3645 cuiqnam

399 3658 418 3675 ''
450 3658 549 3713 virenti
569 3659 596 3715 in
612 3660 671 3717 loeo
683 3662 744 3718 ritae
766 3663 836 3719 illins
858 3666 1077 3721 eveniretillam
1097 3683 1184 3738 neque
1195 3669 1244 3739 ipsi

446 3763 495 3818 qm
507 3761 680 3818 peecarerant
692 3751 830 3818 homines,
846 3756 914 3810 mori
928 3757 1075 3825 potuissent
1088 3797 1096 3823 ‚
1109 3759 1130 3812 si
1147 3758 1246 3814 nonde

452 3839 615 3898 haititatione
634 3852 715 3898 tanta
729 3843 880 3912 felicitatis,
904 3848 1000 3904 merito
1013 3848 1048 3903 ini
1056 3851 1158 3920 quitatis
1176 3852 1247 3906 esis-

453 3939 523 3983 seni.

489 4019 624 4077 CXLl'lll.
639 4023 699 4080 det..
711 4023 792 4097 Cujus
805 4026 970 4084 infirmitates
981 4038 1008 4085 ut
1021 4031 1046 4084 in
1060 4034 1183 4101 praesenti
1193 4035 1247 4090 vita

453 4110 560 4166 diverso
573 4116 750 4171 remediorum
764 4133 861 4188 genere
874 4119 1033 4184 tniteseurrt;
1049 4123 1082 4177 ita
1096 4123 1176 4178 etiam
1188 4125 1246 4192 plc-

453 4217 507 4269 ne,
532 4204 558 4258 in
578 4205 709 4273 justornm
738 4218 825 4264 tamen
846 4210 1020 4281 corporibus,
1044 4215 1247 4271 resurrectionis

453 4293 654 4351 evacuabuntur
667 4296 793 4355 advettttt.

440 4390 447 4401 ·
490 4385 557 4444 Aac.
573 4387 601 4442 ln
616 4388 656 4444 his
672 4389 752 4459 justia
765 4401 792 4447 et
805 4393 927 4462 parrulos
940 4396 1031 4465 ponis,
1046 4396 1091 4467 qui
1105 4397 1171 4453 nibil
1186 4413 1248 4468 ege-

454 4486 519 4538 runt
531 4480 636 4549 propria
651 4483 786 4539 voluntate
800 4487 856 4541 sive
871 4486 932 4540 boni
952 4490 1008 4543 site
1020 4489 1080 4543 mali
1097 4507 1104 4544 :
1121 4504 1156 4545 an
1171 4507 1248 4561 sepa·

454 4584 501 4625 ras
519 4585 566 4624 eos
584 4586 599 4626 a
616 4571 714 4642 justis,
731 4589 797 4643 quos
811 4584 929 4630 tamena
949 4579 1038 4632 carnis
1054 4581 1249 4637 resurrectione

452 4659 525 4721 delini
539 4677 592 4716 non
604 4664 737 4732 emtas?
750 4664 838 4731 Quare
855 4682 919 4737 ergo
931 4667 1062 4736 justorum
1075 4686 1187 4741 eorpora
1198 4689 1248 4728 ex-

452 4753 569 4823 cepisti,
590 4755 616 4808 in
632 4755 728 4824 quibos
742 4755 799 4811 lnuc
814 4758 882 4811 mala
896 4758 1101 4815 resurrectionis
1117 4777 1251 4818 evacuan-

453 4853 501 4906 ιιι·
525 4844 665 4900 adrentui
689 4845 718 4902 st
744 4857 831 4904 autem
860 4850 963 4921 parvuli
986 4859 1094 4920 propter
1117 4851 1248 4921 justitiam

456 4936 566 4990 secuttdi
581 4935 707 5006 hominis,
718 4940 763 5010 qui
775 4943 983 5011 regenerationis
997 4951 1036 4997 est
1051 4952 1155 5007 auctor,
1165 4945 1250 5017 depu-

454 5032 548 5085 tantur
556 5026 620 5094 justi
634 5041 642 5091 ;
656 5042 704 5082 cnr
718 5044 770 5083 non
789 5040 897 5101 propter
909 5042 1046 5100 peceatum
1065 5034 1142 5104 primi
1162 5035 1251 5092 honri·

457 5118 517 5180 nis,
531 5118 577 5185 qui
589 5119 768 5188 generationis
782 5130 823 5177 est
842 5132 950 5189 auctor,
963 5125 1126 5196 deputantur
1137 5128 1251 5199 injusti?

492 5206 608 5268 (ixblll.
628 5207 688 5264 lnt-
702 5209 846 5281 Eeceergo
856 5212 882 5266 in
893 5215 997 5284 quantis
1011 5212 1134 5273 hummare
1149 5228 1251 5275 naturae

449 5300 637 5364 ‹pemmurtan
653 5298 752 5358 Christi
773 5302 931 5359 medicinam
948 5303 1072 5361 tateuut.
1093 5309 1128 5363 At
1146 5310 1204 5364 seio
1221 5319 1251 5367 te

454 5387 663 5444 vociferaturum
677 5431 686 5457 ‚
698 5392 795 5448 cavillo
809 5401 897 5450 tecum
916 5393 968 5465 agi.
987 5394 1044 5449 Non
1061 5397 1132 5452 errim
1146 5398 1214 5454 lianc
1223 5408 1251 5455 te

449 5477 635 5542 medicinam,
650 5494 701 5550 qua
714 5483 871 5553 corporibus
883 5483 1059 5553 subvenitur,
1073 5487 1122 5543 sed
1141 5489 1251 5545 nomine

457 5569 597 5626 medicine
612 5568 776 5639 significasse
792 5574 891 5631 Christi
904 5577 1016 5647 gratiam
1029 5618 1036 5641 ,
1051 5593 1131 5648 qam
1145 5579 1251 5637 anobis

456 5659 610 5719 “firmabas
623 5661 725 5731 negari.
738 5663 778 5719 nd
790 5665 861 5733 qttod
873 5667 1029 5736 responderi
1042 5675 1128 5737 petest
1141 5668 1188 5723 tibi
1198 5669 1252 5729 boc

448 5762 519 5809 :etse
530 5752 752 5820 adscribendum,
771 5756 817 5825 qui
835 5772 890 5812 rom
910 5774 988 5828 quant
1001 5759 1108 5815 solebas
1122 5759 1250 5831 imetttgt,

452 5849 575 5919 propriis
593 5848 710 5905 noluisse
733 5849 838 5920 signare
862 5853 1023 5908 nominibus.
1045 5851 1100 5908 Sed
1122 5852 1184 5923 qnia
1207 5853 1252 5909 rel

492 5961 501 5993 ¹
517 5964 642 6014 sententia
650 5964 675 6013 in
686 5962 757 6014 editis
765 5962 872 6013 mutilata
883 5971 921 6014 est
932 5965 977 6016 ltoc
987 5964 1066 6017 altere
1076 5966 1196 6024 membro.
1207 5966 1251 6016 red

459 6020 602 6081 emenia,
612 6023 673 6074 ricttt
680 6023 794 6087 eriptam
802 6031 846 6082 est,
856 6038 911 6074 enat
923 6027 1055 6079 tumultun
1064 6027 1177 6079 nlimnrtn
1187 6041 1252 6078 armt-

460 6087 552 6151 rttrrnr.
565 6085 748 6148 Redintegratur
758 6085 848 6138 attritio
861 6094 914 6136 ttss.

778 649 899 707 oeants
919 644 1121 705 ttteetttect't
1135 645 1274 704 coarat
1293 636 1476 709 JULihb'Ull,
1496 640 1526 698 S.
1546 639 1729 698 tuedstttt

2005 642 2080 700 tata

1290 752 1364 808 tarde
1376 752 1538 810 intellectum
1548 764 1600 821 cst,
1611 770 1689 825 quam
1700 753 1804 813 diceres
1817 750 1985 821 medicinam,
1999 772 2083 827 quarn

1288 845 1398 903 contuse
1417 862 1467 902 nos
1484 863 1580 918 negare
1595 850 1721 903 mentitus
1734 862 1816 914 eras;
1833 848 2043 920 respondeamus
2057 863 2086 906 et

1288 937 1322 993 ad
1336 937 1387 993 hoc
1399 939 1470 1014 quod
1489 942 1607 996 sectando
1621 939 1747 1006 intulisti,
1766 941 1835 995 sicut
1852 948 1880 996 et
1893 941 1980 1013 primo
1999 959 2085 1011 opere

1289 1029 1428 1099 protestati
1442 1044 1554 1085 snmus:
1570 1045 1619 1085 nos
1633 1032 1744 1102 gratiam
1755 1031 1870 1094 Christi.
1886 1034 1912 1088 id
1926 1045 1977 1100 est.
1991 1033 2086 1105 drapti-

1289 1132 1346 1172 sma
1358 1158 1366 1185 ,
1380 1134 1413 1173 ex
1426 1134 1479 1190 quo
1494 1119 1572 1177 ritum
1587 1120 1645 1191 ejus
1657 1120 1779 1177 Christus
1795 1121 1926 1188 institnit,
1942 1125 1975 1179 ita
1990 1143 2087 1182 neces·

1289 1206 1386 1264 sariam
1406 1211 1530 1266 omnibns
1549 1211 1730 1267 incommune
1751 1213 1875 1268 aetatibus
1893 1216 2034 1285 confiteri,
2058 1229 2088 1273 ιιι

1289 1298 1448 1370 quicumque
1464 1315 1523 1355 eant
1537 1302 1628 1357 utilem
1642 1302 1721 1357 etiam
1736 1304 1852 1374 parvulis
1867 1314 1961 1376 negat,
1982 1319 2087 1363 aeterno

1290 1387 1415 1444 ierianrtts
1426 1391 1605 1447 anathemate.

1325 1482 1392 1538 Atro.
1417 1483 1454 1537 lie
1472 1483 1601 1539 medicina
1628 1484 1747 1554 agimus,
1765 1500 1818 1555 qno
1837 1486 1944 1543 nornine
1962 1489 2087 1545 Christus

1290 1573 1400 1643 gratiam
1417 1588 1492 1628 soant
1507 1574 1597 1630 vocari
1613 1575 1709 1639 soluit,
1726 1575 1769 1630 nbi
1783 1576 1821 1630 ait
1834 1577 1869 1632 de
1883 1593 1913 1632 se
1928 1580 2000 1650 ipso.
2025 1579 2087 1636 rl'err

1279 1673 1327 1721 Ιιιι
1345 1681 1409 1735 oprta
1426 1667 1495 1721 ranis
1509 1666 1641 1733 medicas,
1662 1668 1706 1721 aed
1723 1668 1789 1722 nrule
1810 1668 1954 1725 lubentibus
1967 1672 1975 1741 (
1990 1671 2086 1732 ldrrtth.

1291 1771 1335 1819 tx,
1350 1755 1412 1828 li).
1429 1755 1482 1811 Vos
1499 1766 1587 1812 autem
1605 1757 1717 1826 gratiam
1737 1757 1834 1813 Christi
1850 1775 1903 1813 non
1917 1772 2027 1830 propter
2041 1781 2087 1817 sa·

1292 1846 1394 1902 nandos
1407 1848 1547 1918 parrulos.
1566 1848 1613 1903 sed
1627 1858 1735 1918 propter
1747 1849 1913 1919 adoptandos
1932 1852 1958 1906 in
1974 1869 2087 1929 regnum

1292 1935 1340 1990 liei
1362 1937 1544 1992 tantummodo
1568 1938 1608 1993 eis
1629 1937 1715 1995 dicitis
1737 1941 1924 1996 neeessariam.
1944 1940 2001 1998 Noli
2022 1960 2089 2015 erpo

1292 2034 1319 2082 te
1332 2027 1534 2096 respondentem
1550 2027 1654 2097 lacere,
1669 2029 1713 2085 nbi
1729 2028 1804 2088 rides
1816 2040 1843 2087 te
1854 2033 2018 2102 respondere
2033 2050 2087 2091 non

1293 2132 1382 2264 9⁰35>-
1395 2209 1454 2265 lm.
1469 2210 1544 2279 Quod
1559 2226 1619 2266 curn
1634 2210 1721 2266 lucida
1733 2211 1896 2282 professione
1909 2214 2087 2285 inculcemus,

1292 2298 1429 2353 convictus
1448 2314 1478 2354 es
1499 2310 1527 2354 tu
1549 2300 1660 2368 publice
1677 2299 1809 2366 falsitatis,
1823 2303 1867 2371 qni
1880 2304 1974 2359 scribis
1987 2305 2088 2363 adeoa

1293 2387 1370 2442 nobis
1383 2388 1478 2443 bonam
1492 2389 1599 2444 delendi
1612 2391 1748 2445 hominum
1762 2401 1899 2458 naturam,
1915 2403 1945 2449 ut
1963 2410 2038 2451 sarias
2060 2398 2087 2452 in

1294 2476 1456 2533 infantibus⁸
1472 2495 1599 2550 negemus
1612 2480 1710 2536 Christi
1724 2488 1901 2538 necessariam
1914 2486 2087 2544 medicinam.

1329 2569 1396 2624 Aac.
1422 2567 1519 2623 Verum
1542 2570 1594 2625 dixi
1612 2589 1618 2625 :
1637 2572 1795 2628 medicinam
1815 2575 1913 2645 qnippe
1933 2576 2088 2636 christianae

1293 2659 1396 2728 gratiae.
1408 2674 1467 2730 qrnc
1481 2661 1677 2717 nottconlertnr
1687 2663 1737 2716 nisi
1750 2662 1917 2729 sttrtsrtauts,
1931 2683 1984 2722 mm
1993 2681 2088 2725 autern

1294 2751 1418 2807 ennnbns
1438 2752 1587 2808 bominibus
1606 2755 1685 2809 etiarn
1707 2755 1866 2820 infidelibus.
1880 2768 1907 2814 et
1921 2764 2029 2828 trtsnper
2042 2777 2088 2817 ea-

1295 2842 1365 2896 tellis
1389 2851 1469 2913 atque
1493 2844 1633 2913 porcellis,
1657 2846 1789 2912 pisciculis
1810 2856 1890 2918 atque
1913 2851 2087 2923 rcmticul‘ts,

1295 2932 1421 3002 ottonique
1446 2934 1537 3003 generi
1559 2935 1791 3006 qualiumcumque
1817 2937 2008 3005 animantium,
2028 2942 2089 3001 sine

1295 3021 1375 3077 dultin
1390 3025 1505 3093 portulis
1517 3024 1671 3096 denegatis,
1686 3043 1754 3098 qttos
1766 3028 1856 3099 utique
1868 3031 1925 3086 sirtc
1938 3032 1992 3085 ullo
2002 3033 2088 3105 origi·

1296 3113 1337 3168 nis
1353 3124 1428 3170 rratu
1438 3158 1445 3180 ,
1456 3116 1511 3185 .qui
1526 3119 1727 3188 regeneratione
1742 3129 1861 3185 sanatur,
1872 3131 2014 3192 generatos
2027 3139 2090 3180 mse

1296 3205 1466 3261 contenditis.
1489 3206 1563 3268 Unde
1578 3218 1604 3260 tu
1617 3208 1696 3263 modo
1708 3223 1817 3279 nraguas
1829 3225 1922 3280 passus
1938 3213 2088 3282 angustias,

1296 3298 1433 3354 detraxisti
1456 3301 1593 3356 medicinae
1615 3315 1722 3369 nomen,
1740 3312 1768 3357 et
1788 3304 1948 3374 supposuisti
1968 3306 2089 3376 grathe:

1296 3382 1356 3451 quin
1382 3384 1493 3454 gratiam
1522 3394 1630 3455 propter
1656 3385 1825 3455 adoptionem
1855 3389 1968 3457 parvolis
1991 3406 2090 3446 neees-

1297 3476 1392 3529 sariam
1414 3476 1504 3532 diccre
1519 3476 1645 3547 potestis;
1665 3477 1822 3532 medicinam
1843 3494 1903 3533 tero
1921 3480 1976 3546 cis,
1990 3482 2092 3551 quibus

1297 3578 1423 3620 aternani
1434 3566 1555 3630 salutent,
1566 3567 1669 3622 etiantsi
1680 3567 1815 3623 christiani
1826 3585 1879 3624 nou
1891 3570 1964 3639 daut,
1976 3577 2091 3641 promit·

1298 3669 1353 3713 tere
1368 3658 1480 3724 nudetis,
1495 3674 1542 3729 per
1554 3658 1724 3716 Sacrttrnenta
1739 3659 1837 3716 Christi
1851 3664 2030 3719 necessariam
2047 3666 2092 3720 di·

1298 3765 1359 3805 cer-e
1378 3765 1430 3803 nun
1456 3752 1575 3821 potestis.
1596 3750 1730 3806 Christum
1756 3754 1853 3822 quippe
1873 3753 1925 3809 illis
1945 3772 1996 3809 iton
2012 3757 2094 3812 ruitis

1298 3854 1357 3895 esse
1375 3839 1465 3895 lesum
1483 3841 1573 3910 :qnod
1587 3841 1646 3896 ideo
1662 3851 1779 3908 tueatur,
1795 3852 1861 3900 teste
1873 3847 1969 3916 angelo
1979 3848 2000 3914 ¹,
2025 3858 2094 3905 teste

1300 3930 1461 4001 Evangelio,
1475 3934 1537 4001 quia
1556 3934 1657 3988 saltem
1678 3934 1740 3990 lacit
1761 3936 1885 4006 ptqrulnrn
1908 3954 1996 4005 strtrrn,
2011 3956 2094 3994 rrorta

1298 4023 1400 4077 morbis
1422 4030 1501 4093 atque
1522 4025 1676 4082 vulneribus
1696 4028 1825 4089 camiso
1845 4030 1940 4100 quibus
1959 4033 2095 4100 quoslihet

1289 4113 1422 4187 nlrorninos
1434 4123 1461 4170 et
1472 4116 1597 4187 qna-libet
1611 4120 1724 4173 tolatilia
1739 4131 1817 4191 atque
1826 4124 1934 4192 ¹reptilia
1947 4135 2035 4192 sanat,
2046 4127 2093 4182 sed

1299 4209 1443 4279 apeccatis
1454 4225 1547 4265 eorum
1562 4210 1667 4281 (dursti.
1684 4228 1702 4274 ι,
1712 4213 1770 4284 att.

1335 4298 1398 4353 cta.
1413 4298 1473 4357 let.
1488 4301 1553 4369 Quae
1568 4309 1654 4356 tamen
1664 4303 1758 4372 gratia.
1771 4303 1895 4372 qnoniam
1908 4305 1989 4361 etiam
2003 4307 2092 4362 medi-

1299 4388 1358 4443 cina
1372 4389 1477 4453 dieitur,
1491 4391 1565 4451 salsa
1584 4390 1642 4461 lege
1660 4391 1769 4462 justitiae
1789 4393 1853 4450 iacit
1870 4396 1937 4451 alios
1956 4413 1990 4451 ea
2016 4399 2095 4452 malis

1301 4477 1401 4542 bonos;
1417 4480 1541 4549 parrulos
1555 4491 1644 4535 antem
1663 4498 1730 4552 qnos
1748 4496 1820 4538 creat
1840 4486 1980 4544 corrdende
1998 4488 2095 4555 bonos,

1300 4570 1388 4626 reddit
1401 4569 1550 4625 innovando
1565 4571 1768 4643 adoptandoque
1778 4574 1913 4630 meliores.

1338 4663 1404 4719 ties.
1426 4661 1496 4732 Ergo
1510 4662 1581 4732 quod
1593 4665 1630 4718 ait
1646 4663 1702 4732 ipsc
1717 4650 1803 4730 ¹iesus,
1822 4663 1882 4720 Non
1897 4677 1932 4721 est
1947 4684 2012 4737 opus
2028 4670 2097 4724 mair

1302 4752 1477 4821 nredicnwd
1490 4753 1678 4824 egrotantibus,
1688 4765 1816 4825 qnantum
1829 4758 1923 4811 attinet
1935 4758 1969 4813 ad
1986 4761 2094 4814 medici·

1303 4860 1374 4912 nam,
1389 4862 1449 4916 qum
1473 4845 1538 4901 solis
1558 4845 1716 4901 Christianis
1740 4850 1871 4918 prrebetnr
1893 4866 1908 4904 a
1935 4852 2055 4918 Christo,
2071 4855 2096 4909 in

1303 4939 1419 5007 partolis
1432 4938 1526 4993 laisum
1542 4947 1593 5006 est,
1607 4955 1673 5009 qnos
1686 4950 1713 4996 et
1726 4955 1807 4995 sanos
1819 4957 1888 5002 csse.
1904 4953 1930 4996 et
1944 4944 1996 5009 eis,
2011 4956 2040 4998 ut
2053 4946 2099 5000 dc·

1303 5030 1392 5085 vitetis
1410 5028 1548 5096 invidiam,
1571 5029 1730 5086 medicinam
1750 5030 1920 5086 christianam
1940 5033 2032 5091 dicitis
2053 5053 2099 5092 ne

1303 5120 1457 5178 cessariam.
1481 5121 1621 5188 Quomodo
1639 5132 1728 5176 antem
1753 5125 1861 5176 innovat
1880 5125 2012 5187 tllrristus
2025 5143 2102 5198 qnos

1303 5228 1426 5277 aevosa
1447 5215 1583 5270 nativitate
1604 5213 1803 5270 recentissimos
1814 5213 1835 5282 ⁸,
1856 5215 1968 5283 intonit,
1988 5217 2010 5272 si
2035 5220 2100 5273 tritril

1304 5306 1412 5363 trahunt
1430 5305 1464 5361 de
1482 5314 1612 5362 vetustate
1634 5306 1753 5376 peccati?
1769 5307 1809 5361 ,ln
1827 5306 1999 5381 dicturuses
2018 5308 2102 5365 etiarn

1303 5415 1356 5455 non
1371 5408 1447 5453 retus
1465 5396 1564 5467 aliquid
1584 5398 1790 5464 inamaricant
1810 5399 1883 5470 legas
1903 5401 1939 5456 ad
1959 5401 2102 5470 liehanos,

1306 5490 1415 5562 Quando
1434 5489 1481 5543 hoc
1502 5489 1563 5542 dicit
1585 5506 1687 5556 nonam,
1704 5497 1772 5544 reim
1790 5492 1847 5563 [erit
1867 5492 1976 5561 prinrnrn
1994 5496 2004 5562 (
2020 5484 2107 5551 tlrtr.

1304 5599 1361 5647 snt,
1378 5582 1436 5652 {5st
1451 5581 1498 5636 llic
1512 5595 1576 5648 ergo
1589 5579 1659 5635 unde
1672 5580 1725 5645 sint
1736 5566 1841 5636 veteres
1856 5582 1935 5640 niodo
1947 5586 2016 5657 pati,
2033 5601 2122 5655 quos

1304 5675 1371 5731 dicis
1382 5689 1462 5730 sanos
1475 5688 1491 5728 a
1502 5680 1632 5729 vetustate
1646 5671 1757 5742 peccati.
1782 5674 1816 5729 Et
1830 5684 1917 5729 tamen
1930 5676 1964 5732 ad
1978 5675 2118 5750 indigna-

1305 5767 1404 5822 tionem
1422 5780 1546 5820 retorem
1566 5762 1777 5823 Christianorum
1791 5766 1946 5835 canendam,
1961 5783 1976 5820 a
1989 5766 2114 5841 Christo

1337 5965 1344 5997 ¹
1362 5965 1398 6013 sie
1407 5971 1459 6012 ttss.
1472 5969 1499 6012 ιι
1510 5963 1588 6073 t'iqn„
1601 5968 1693 6014 titanae
1704 5958 1841 6025 irrsmttidrtr.

1337 6028 1346 6058 ¹
1364 6027 1443 6086 rign,
1459 6029 1569 6085 oportue.
1583 6033 1610 6074 at
1621 6030 1684 6083 ttae,
1696 6036 1727 6085 en
1744 6020 1789 6074 rto.

1338 6087 1443 6149 ¹tigri..
1466 6083 1692 6147 recchiaritnosqttr.
1736 6092 1796 6144 test,
1818 6094 1872 6147 mre,
1894 6089 1974 6138 ΗΒ.
