4900 6892
407 666 476 728 litt

406 794 476 837 onus
489 780 539 837 etsi
552 793 603 838 nott
621 781 722 852 pungit,
737 779 843 852 premit.
861 778 1061 845 l'eromtanten,
1075 779 1097 834 si
1110 789 1137 833 et
1149 777 1195 832 tibi

405 870 494 943 placet
507 871 597 941 spinas
610 887 662 927 non
678 886 824 941 congruere
836 869 975 942 paradiso;
990 870 1060 925 itanc
1073 883 1137 925 vero
1148 882 1196 923 na·

406 973 473 1018 torar
488 962 623 1030 bantana,
637 970 666 1017 ιιι
680 963 715 1018 ιιι
728 963 799 1033 prius
811 972 882 1018 esset
893 961 938 1018 ubi
951 961 1034 1032 spinae
1047 975 1100 1016 nou
1115 969 1194 1026 sunt,

404 1063 433 1111 et
445 1058 517 1110 nunc
527 1054 562 1109 ibi
573 1055 607 1111 sit
621 1054 663 1111 ubi
674 1063 744 1121 sarrit,
757 1056 827 1111 nulla
840 1053 1011 1110 beatitudinis
1022 1054 1047 1109 ιιι
1062 1054 1196 1110 miseriam

403 1138 740 1216 mutationeeontiogeret,
757 1154 802 1200 aut
823 1145 882 1203 sine
903 1144 956 1199 ιιιιο
976 1144 1077 1214 peceati
1099 1144 1196 1199 merito

403 1235 578 1307 contigisset?
600 1233 684 1306 ungar
697 1251 761 1307 crgo
772 1250 819 1291 ros
832 1250 978 1306 agnuscere
992 1234 1120 1311 originale
1133 1249 1196 1305 pec·

403 1331 505 1391 catoni,
519 1327 571 1380 tale
585 1326 689 1390 saltent,
705 1327 784 1397 quale
794 1341 846 1380 nort
859 1325 980 1393 potuistis
990 1338 1087 1396 negare
1096 1323 1197 1394 suppli·

403 1415 486 1482 cium,
500 1415 521 1469 si
537 1431 589 1470 nnn
605 1416 730 1485 iniustum
744 1430 804 1471 esse
818 1415 925 1471 creditis
939 1415 1034 1470 Deum.

439 1504 539 1560 xxix.
554 1505 613 1561 loc.
628 1506 728 1561 Tamen
744 1521 777 1561 ne
787 1505 849 1576 quid
862 1505 1027 1576 negligenter
1035 1504 1196 1573 prateriissc

403 1596 555 1663 videamur,
564 1599 656 1668 accipe
669 1596 751 1652 aliud.
768 1599 843 1652 llunc
858 1597 1061 1666 parturitionum
1076 1595 1195 1650 dolorem

403 1699 571 1760 corttpertum
585 1699 625 1744 est
640 1703 688 1761 pro
702 1689 860 1760 parientium
874 1687 1030 1758 corporibus
1043 1687 1196 1756 uiribusque

402 1782 513 1836 variari.
535 1781 711 1836 baron-orara
724 1790 796 1836 certe
811 1780 925 1845 lentina,
940 1790 968 1836 et
979 1789 1123 1850 pastorum,
1137 1793 1196 1848 quae

403 1874 595 1930 exercitatione
615 1874 798 1936 indurescunt,
818 1873 844 1927 in
859 1872 953 1927 mediis
970 1870 1109 1927 itineribus
1124 1878 1195 1925 tanta

403 1963 531 2022 facilitate
546 1966 662 2035 pariunt,
677 1976 704 2020 ιιι
717 1980 770 2019 ιιοιι
785 1965 938 2019 intermisso
951 1962 1038 2019 riandi
1051 1963 1141 2019 labore
1155 1961 1197 2017 ta.

403 2064 447 2112 tos
466 2071 529 2112 suos
543 2064 696 2127 procurent,
709 2063 738 2111 et
757 2055 846 2110 statim
861 2053 968 2123 rebant,
988 2068 1047 2125 qum
1067 2053 1132 2108 nibil
1150 2067 1196 2123 pa·

403 2146 490 2202 riendi
501 2146 656 2201 difficultate
669 2154 830 2212 marcentes,
844 2160 927 2201 onera
942 2144 1042 2200 rentris
1052 2144 1085 2200 ad
1100 2145 1194 2200 bome-

402 2250 449 2292 ros
461 2251 524 2291 suos
538 2233 716 2302 transferunt3
733 2243 760 2291 et
772 2234 934 2307 generaliter
947 2234 1035 2306 inopia
1049 2235 1140 2298 siliunt
1153 2232 1193 2289 fe-

404 2326 557 2395 minarum,
582 2341 689 2397 operam
714 2325 886 2382 obstetricum
907 2340 960 2380 non
983 2325 1116 2396 requirit:
1133 2334 1161 2379 at
1181 2338 1196 2380 e

404 2416 513 2487 regione
531 2416 676 2487 locupletes
697 2414 798 2472 deliciis
814 2415 978 2481 molliuntur,
992 2425 1019 2471 et
1037 2429 1090 2486 quo
1106 2415 1197 2485 plures

404 2504 526 2561 babuerit
536 2521 648 2577 quaeque
659 2505 798 2572 sollicitos,
810 2520 843 2560 eo
855 2505 969 2577 amplius
979 2513 1005 2561 et
1018 2504 1095 2560 discit
1108 2514 1134 2560 et
1148 2519 1195 2576 ge·

403 2598 452 2652 stit
472 2612 637 2667 aegrescere,
661 2607 788 2669 putatque
811 2613 841 2652 se
867 2598 946 2652 tantis
969 2612 1064 2668 egere,
1090 2598 1197 2668 quantis

403 2686 523 2741 abundat
543 2689 687 2758 obsequiis.
711 2687 863 2744 llaritoront
886 2704 950 2744 sanc
968 2687 1079 2743 diuitum
1103 2702 1198 2743 manos

404 2793 539 2847 antiquam
555 2779 581 2832 in
600 2779 720 2834 sentibus
735 2795 880 2834 utrumnam
896 2780 973 2850 primi
988 2779 1103 2835 bonrinis
1115 2796 1197 2850 expe·

404 2868 486 2934 ritur;
503 2868 622 2940 quinimo
632 2869 743 2925 fidentes
750 2870 844 2942 copiis,
854 2870 989 2942 indignum
1000 2887 1028 2927 sc
1038 2880 1132 2944 putant
1142 2886 1196 2926 trao-

403 2971 524 3026 mentum
545 2960 652 3031 aliquod
676 2963 744 3016 rotis
765 2962 908 3018 fertilitatis
932 2963 1097 3033 impendere,
1121 2973 1196 3019 extra

406 3051 574 3108 formidinem
593 3052 672 3108 etiam
692 3051 768 3108 famis
783 3054 981 3124 possessionum
994 3054 1148 3113 dilatatione
1161 3054 1197 3109 si·

405 3150 518 3210 etentes,
535 3141 662 3197 mandant
675 3142 834 3213 aliquoties,
856 3151 886 3198 ut
910 3145 947 3199 ait
966 3152 1060 3216 pocta,
1082 3143 1197 3216 Deirtnqe

404 3234 508 3302 faaes',
524 3233 583 3289 dunt
597 3233 683 3288 tubero
695 3234 779 3289 ntittas
795 3232 986 3302 (intenebrat.
1001 3237 1028 3303 5,
1039 3253 1105 3291 oeta.
1119 3236 1193 3308 119).

405 3326 435 3383 Si
449 3342 513 3398 erqo
528 3335 554 3382 ct
566 3326 724 3398 parientium
738 3326 815 3383 dolor
827 3338 930 3397 spectat
941 3328 974 3384 ad
988 3328 1106 3384 instituta
1122 3339 1198 3386 natu·

405 3437 455 3489 rae,
465 3421 536 3492 quod
550 3429 577 3476 ct
590 3421 727 3477 brutorum
740 3420 862 3492 exemplo
874 3420 1037 3486 animalium,
1049 3429 1077 3477 et
1086 3430 1196 3477 senten·

406 3511 451 3566 tim
470 3509 566 3565 divinae
586 3513 747 3581 proprietate
760 3509 914 3581 perdoctum
928 3519 982 3577 est3
1004 3510 1026 3565 si
1040 3509 1198 3580 interceptio

405 3600 551 3668 fructuum,
566 3611 593 3657 et
611 3611 720 3657 exortus
735 3602 870 3672 spinarum
890 3603 960 3658 inter
977 3610 1074 3659 caetera
1089 3602 1197 3674 quidem

404 3703 511 3748 creatos
522 3701 573 3760 est,
583 3694 705 3765 personis
715 3701 803 3749 tamen
814 3692 972 3765 quibusdam
985 3693 1069 3750 factus
1082 3703 1122 3750 est
1132 3695 1198 3750 den·

405 3790 462 3841 sior
476 3796 502 3841 et
516 3785 667 3852 molestior;
683 3786 704 3841 si
718 3792 864 3858 postremo,
880 3796 908 3839 ιιι
920 3784 1063 3840 difficultas
1078 3787 1134 3856 ipsa
1149 3801 1197 3857 pa·

405 3877 510 3941 rientis,
528 3878 562 3932 ita
575 3878 656 3933 etiam
670 3877 806 3949 glebarum
820 3878 964 3948 spinositas
977 3891 1026 3948 pro
1042 3877 1198 3947 corporibus

405 3970 613 4043 regionibusque
620 3970 750 4036 variatum
767 3977 913 4040 postremo,
923 3969 945 4025 si
958 3969 1082 4040 perdurat
1093 3969 1138 4025 ille
1151 3985 1199 4024 au·

405 4074 456 4134 gor
471 4071 530 4132 post
545 4061 656 4133 gratiam
672 4061 697 4116 in
711 4060 857 4116 visceribus
869 4059 1039 4127 feminarum,
1052 4060 1122 4115 ltunc
1135 4075 1199 4115 torn

405 4153 614 4224 opulentorum·
634 4153 751 4207 luxuries
774 4152 880 4223 penitus
897 4152 1014 4222 iquorem
1028 4151 1051 4207 si
1070 4152 1198 4208 resolutio

405 4244 528 4315 corporis
539 4253 648 4315 propter
661 4242 724 4314 quid
737 4252 860 4300 secutura
875 4250 957 4308 esset,
974 4257 1130 4313 expressum
1144 4251 1195 4310 est,

406 4343 435 4390 et
448 4334 551 4390 artibus
571 4334 655 4404 magis
669 4348 747 4403 quam
762 4333 897 4390 erroribus
914 4333 1044 4404 applicata
1065 4351 1072 4388 r
1090 4341 1200 4403 apparet

406 4425 452 4481 bie
472 4439 577 4494 quoque
599 4423 797 4479 catholicorum
812 4423 916 4479 ueritati
930 4421 1017 4478 omnia
1031 4437 1196 4490 consonare,

406 4528 458 4571 nee
470 4514 614 4586 quidquam
626 4513 702 4569 robis
712 4514 755 4568 rel
766 4512 878 4570 feminas
891 4512 1029 4584 prodesse,
1041 4513 1082 4568 vel
1096 4514 1197 4584 spinas.

443 4603 512 4660 Aua.
526 4602 593 4659 Cum
606 4602 639 4660 de
650 4618 738 4674 poerra,
752 4619 829 4675 quant
841 4602 910 4658 Deos
925 4600 1020 4673 indixit
1031 4604 1124 4675 primis
1135 4618 1199 4674 pec-

405 4693 553 4760 catoribus,
567 4694 725 4764 disputares,
742 4694 780 4747 sic
790 4692 946 4762 jamdudum
960 4708 975 4747 a
990 4693 1100 4750 muliere
1112 4703 1199 4749 trans-

406 4787 495 4851 ieras,
516 4785 668 4849 utdieeres,
684 4805 692 4836 ι
710 4783 849 4840 Sufficiant
865 4785 914 4839 ista
936 4784 970 4840 de
984 4786 1105 4842 muliere.
1122 4785 1199 4843 »Cur

386 4894 391 4909 ·
406 4890 475 4948 erqo
496 4892 548 4932 raon
562 4877 674 4932 serrasti
686 4875 764 4930 sidem
775 4875 959 4946 promissionis
975 4876 1044 4930 tuae?
1059 4875 1128 4932 Ecce
1139 4887 1198 4949 post

406 4976 462 5023 tant
475 4969 558 5025 multa
572 4967 643 5025 redis
655 4967 687 5023 ad
699 4983 767 5035 eam,
781 4983 843 5024 ecee
856 4968 1008 5038 loquacitati
1019 4977 1070 5024 tuae
1082 4984 1135 5025 non
1146 4969 1199 5026 suf·

401 5054 518 5139 delum,
533 5076 593 5132 quae
614 5060 719 5116 dixeras
741 5060 772 5113 dc
793 5058 898 5113 ntuliere
920 5057 1052 5130 srrfficioot.
1070 5056 1122 5115 Sed
1148 5060 1216 5116 nisi-

406 5152 610 5209 talisrerbosos
624 5167 709 5216 esses,
724 5151 796 5206 unde
816 5160 877 5206 octo
888 5150 980 5218 libros,
1001 5166 1067 5221 qrrns
1082 5150 1126 5205 oni
1138 5166 1199 5206 meo

405 5241 508 5309 reddis,
523 5243 667 5314 impleres?
680 5242 733 5298 Sed
749 5242 792 5298 dic
806 5241 876 5313 qood
890 5241 935 5296 tibi
953 5242 1055 5312 placet:
1066 5252 1199 5312 eceepost

406 5334 567 5405 promissam
581 5333 789 5398 sufficientiam,
803 5332 991 5388 abundantiam
1007 5348 1111 5405 quoque
1126 5341 1198 5387 tuam

406 5423 541 5495 patienter
554 5422 714 5480 audirimus.
731 5421 784 5477 Cur
797 5423 867 5477 eninr
891 5422 986 5492 perdas
1000 5440 1043 5479 res
1061 5433 1114 5479 tam
1139 5423 1197 5479 bel-

406 5512 466 5580 las,
479 5529 539 5585 quae
551 5523 643 5585 postca
663 5514 710 5569 tibi
726 5514 752 5568 in
773 5523 889 5569 mentem
906 5514 1056 5569 venerunt?
1070 5514 1198 5583 Quantos

405 5613 436 5660 et
446 5603 512 5661 illud
523 5604 617 5661 renfre
629 5603 736 5670 debuit,
758 5614 787 5659 ot
802 5604 835 5659 dc
848 5605 916 5660 libro
930 5617 985 5670 ttto,
1000 5606 1044 5676 qui
1057 5607 1197 5676 cotnpleu-

405 5694 459 5751 dats
470 5695 557 5753 adnue
570 5697 596 5751 ιιι
622 5697 745 5752 manibus
759 5706 835 5761 erat,
852 5698 958 5754 tolleres
980 5699 1049 5766 quod
1074 5698 1195 5765 dixeras,

406 5782 541 5857 Sufficiunt
552 5789 600 5842 istu
611 5786 643 5840 de
653 5787 774 5842 oratioe:
789 5803 821 5842 ne
835 5798 886 5842 tum
906 5789 1086 5858 pollicitationi
1101 5798 1152 5844 tatu
1163 5791 1198 5844 iu·

406 5936 609 6050 ..ιίἕιιιοιιιιε
627 5938 687 6003 legit
708 5949 735 5991 ut
759 5947 799 5991 ιιιι.
829 5952 855 5994 nt
881 5950 992 6003 turen,
1021 5944 1131 6011 diajtotpe
1158 5949 1198 6000 bo-

440 6058 531 6122 111111,
543 6058 725 6113 mmmmm.
733 6066 814 6126 aptius
824 6071 887 6128 ttss,
900 6065 1073 6131 opulentorum.

538 6137 674 6203 Patitor„
691 6146 785 6208 XLV.

1092 664 1190 721 tmen
1211 620 1355 721 sartos.

1256 773 1382 830 decenter
1396 776 1546 830 contrarius
1566 776 1701 849 legereris.
1717 779 1769 835 Sed
1791 796 1891 855 perge,
1908 783 1998 855 profer
2011 787 2039 844 in

1251 864 1379 931 medium,
1391 875 1483 920 eontra
1501 881 1580 937 qnam
1595 870 1755 938 promisisti,
1770 886 1831 942 quaa
1852 884 1945 944 postca
1964 878 2040 948 copl-

1251 955 1321 1009 lasti.
1337 955 1384 1010 bic
1401 958 1603 1026 parturitionum
1619 959 1736 1015 laborem
1750 977 1798 1033 pro
1813 965 1972 1033 parientium
1979 983 2061 1025 oor··

1250 1045 1361 1117 poribus
1373 1048 1526 1119 viribusque
1541 1050 1652 1117 uariari3
1663 1063 1742 1122 atque
1752 1054 1788 1108 ita
1803 1053 1925 1113 describe
1943 1058 2036 1115 barba-

1249 1153 1293 1192 ras
1305 1140 1470 1211 rusticasque
1488 1141 1600 1198 featirras
1615 1144 1640 1197 iu
1654 1145 1780 1203 facilitate
1791 1149 1922 1218 pariendi,
1942 1161 1969 1206 ut
1983 1167 2034 1211 nee

1249 1230 1382 1297 parturire
1396 1232 1554 1299 rideantor;
1577 1250 1609 1289 ae
1628 1251 1676 1305 per
1699 1236 1751 1292 boc
1768 1254 1821 1292 non
1836 1255 1946 1310 parvum
1961 1243 2038 1300 dolo·

1248 1332 1305 1373 rem
1318 1318 1344 1373 in
1360 1321 1486 1389 pariendo
1497 1325 1614 1392 sentire,
1629 1326 1675 1381 scd
1685 1328 1795 1384 nullum.
1812 1329 1887 1398 Quod
1901 1335 1923 1387 si
1938 1334 1973 1389 ita
1985 1346 2035 1402 est,

1248 1408 1311 1478 quid
1325 1419 1350 1464 te
1361 1410 1489 1479 adiurati
1504 1428 1593 1470 ttontte
1611 1426 1704 1473 contra
1719 1426 1744 1474 ie
1757 1420 1844 1489 ipsum
1857 1423 2037 1497 loqueri8,qtti

1248 1498 1357 1557 dolores
1382 1503 1447 1558 istos
1463 1506 1497 1561 ita
1511 1509 1649 1563 naturales
1664 1525 1723 1565 esse
1737 1511 1826 1568 dixisti
1842 1556 1849 1580 ,
1870 1525 1899 1570 ot
1914 1518 1972 1573 siue
1986 1519 2039 1573 illis

1249 1590 1303 1647 Era
1313 1606 1406 1662 parere
1419 1611 1471 1651 non
1489 1607 1587 1667 posset,
1604 1601 1709 1656 etiamsi
1725 1603 1751 1658 ia
1766 1607 1889 1675 paradiso
1904 1610 1974 1664 nulla
1990 1612 2042 1666 ini·

1249 1684 1349 1753 quitate
1372 1697 1523 1758 perpetrata
1539 1691 1713 1760 persisteret?
1727 1695 1859 1768 Numquid
1874 1701 1999 1756 barbaras
2010 1718 2043 1759 ac

1248 1776 1360 1831 rusticas
1378 1787 1437 1832 traaas
1448 1778 1492 1833 illa
1508 1783 1592 1850 prima
1612 1785 1724 1841 muliere
1746 1787 1773 1841 iu
1797 1790 1845 1846 bac
1862 1807 1891 1846 re
1906 1792 2040 1850 feliciores

1248 1876 1308 1919 csse
1321 1865 1442 1922 dicturus
1452 1885 1497 1937 es,
1516 1881 1542 1926 ut
1555 1873 1581 1926 in
1604 1872 1646 1930 liis
1659 1880 1817 1936 mrurnnosis
1833 1883 1910 1938 tertis
1924 1885 1981 1939 siue
1993 1885 2042 1939 do·

1249 1952 1306 2010 fore
1329 1958 1453 2027 pariant,
1476 1962 1546 2030 quod
1568 1964 1592 2017 itt
1607 1966 1740 2035 paradiso,
1758 1971 1779 2024 si
1796 1985 1901 2041 pareret
1916 1974 1971 2040 illa,
1986 1989 2041 2031 noo
2083 2012 2087 2021 -

1249 2047 1361 2114 possctf
1375 2058 1499 2120 tanquam
1521 2053 1546 2107 io
1563 2055 1621 2109 istis
1636 2065 1730 2113 tratura
1749 2061 1783 2114 sit
1802 2070 1901 2117 mutata
1923 2065 2037 2121 feminea

1248 2135 1275 2190 in
1291 2137 1385 2194 melius
1399 2156 1479 2210 qoam
1495 2141 1580 2200 fuerat
1596 2145 1733 2214 instituta,
1758 2151 1869 2223 plusque
1882 2157 1994 2212 raitterit
2011 2157 2040 2212 ιιι

1249 2240 1281 2282 eu
1305 2230 1431 2285 mutanda
1445 2233 1561 2288 liumana
1578 2240 1765 2308 ‘exercitatio
1779 2259 1858 2312 qoam
1873 2246 1899 2299 in
1923 2249 2038 2303 creanda

1248 2317 1336 2374 dlritta
1351 2325 1480 2391 operatio.
1491 2325 1519 2380 Si
1529 2343 1592 2384 reto
1603 2331 1629 2384 iu
1640 2334 1691 2388 tuis
1704 2335 1792 2390 rerbis
1802 2351 1855 2391 nou
1870 2338 1910 2394 ris
1925 2338 2038 2412 intelligi

1248 2409 1307 2464 sine
1319 2409 1458 2467 doloribus
1471 2430 1565 2484 parere
1589 2418 1693 2476 feroces
1701 2434 1876 2496 agrestesque
1893 2429 2039 2496 mulieres,

1249 2509 1328 2570 atque
1338 2502 1378 2556 cis
1390 2502 1426 2556 ita
1439 2514 1542 2573 partum
1555 2509 1720 2566 tolerabilem
1731 2511 1889 2586 facilemque
1902 2520 2040 2586 concedis,

1249 2597 1279 2644 ut
1290 2599 1378 2646 tarnmt
1396 2608 1442 2647 eas
1461 2610 1522 2650 com
1537 2599 1652 2667 pariunt,
1667 2601 1759 2658 dolere
1769 2602 1893 2672 fatearis3
1909 2610 2040 2679 ttutnquid

1248 2678 1310 2736 fdeo
1319 2691 1364 2737 est
1377 2684 1449 2738 nulla
1463 2701 1552 2756 pmna,
1568 2691 1629 2758 quia
1642 2693 1729 2747 ntiuor
1740 2694 1798 2748 esti
1810 2695 1872 2751 Sira
1881 2699 2041 2769 crgominus

1249 2772 1373 2842 doleant,
1385 2790 1446 2831 cont
1457 2780 1562 2848 pariunt
1574 2784 1630 2836 isac
1644 2782 1753 2841 femina
1765 2827 1772 2851 ,
1786 2789 1843 2867 sire
1864 2788 1923 2845 aliis
1934 2791 2041 2849 feminis

1249 2867 1376 2937 equales,
1394 2869 1435 2924 rel
1451 2885 1543 2927 earum
1567 2874 1646 2929 etiam
1664 2877 1820 2946 quibusdam
1834 2882 1949 2951 nrajores
1962 2883 2041 2940 dolo·

1248 2970 1307 3023 res,
1322 2972 1474 3030 comparata
1485 2979 1535 3034 per
1544 2967 1762 3025 exercitationem
1778 2971 1943 3042 fortitudine,
1958 2977 2041 3033 mira·

1248 3045 1338 3104 billter
1351 3048 1454 3118 ferant,
1469 3070 1518 3111 nec
1535 3056 1580 3112 illu
1595 3059 1715 3115 cruciatu
1732 3060 1876 3133 fatigentur
1889 3073 1968 3136 atquc
1982 3066 2041 3123 fan·

1247 3150 1395 3209 tuccetum
1416 3143 1509 3200 dolent
1531 3155 1638 3215 laureo,
1652 3158 1679 3205 ct
1694 3152 2039 3226 utiqoeomnesdolentes,

1250 3242 1298 3286 sen
1314 3233 1397 3303 magis
1416 3249 1463 3290 seo
1483 3237 1571 3293 minus
1590 3238 1722 3309 doleant,
1751 3245 1867 3314 tnajores
1890 3247 2043 3305 minoresve

1249 3336 1352 3393 peenas,
1367 3326 1413 3381 sed
1433 3337 1521 3384 tanton
1535 3334 1661 3400 peenas,¹
1678 3334 1736 3389 sine
1749 3336 1801 3390 tilla
1815 3337 1979 3396 dubitatione
1994 3355 2043 3411 pe·

1249 3416 1361 3470 tiontor.
1375 3417 1417 3472 Tu
1440 3429 1529 3474 autem
1553 3422 1575 3476 si
1591 3431 1617 3477 te
1630 3426 1781 3494 cogitares,
1809 3444 1862 3483 non
1882 3430 1953 3495 dico,
1969 3431 2043 3487 clrri·

1249 3503 1382 3572 stianum,
1411 3507 1459 3562 sed
1469 3509 1690 3581 qualemcumque
1703 3512 1849 3582 bominem,
1865 3517 1967 3575 facilius
1982 3521 2042 3575 nul·
2117 3555 2119 3558 .

1251 3592 1306 3648 lum
1322 3609 1382 3650 csse
1400 3597 1576 3654 contenderes
1588 3600 1740 3670 paradisum
1753 3604 1810 3670 Dei,
1832 3622 1910 3677 quam
1923 3623 1984 3663 euru
1999 3607 2042 3663 fa·

1250 3697 1326 3740 ceres
1339 3694 1381 3740 toa
1397 3686 1525 3758 sacrilega
1539 3687 1719 3760 disputatione
1734 3696 1878 3762 poenalcm.
1898 3697 2042 3768 Eleganter

1249 3786 1314 3828 sane
1332 3772 1428 3829 divites
1452 3776 1523 3831 uiros
1548 3779 1582 3833 ab
1616 3780 1787 3838 hereditario
1819 3785 1899 3854 primi
1924 3786 2042 3844 bominis

1251 3865 1341 3921 labore
1354 3865 1485 3935 defendis,
1500 3868 1645 3939 igriorans,
1662 3882 1707 3928 aot
1722 3883 1749 3929 te
1762 3875 1832 3933 scire
1845 3877 2036 3948 dissimulans,

1252 3953 1368 4013 amarius
1384 3959 1504 4016 laborare
1527 3963 1734 4034 cogitationibus
1747 3967 1865 4037 diuites,
1883 3986 1962 4042 quam
1979 3988 2044 4045 ope·

1251 4048 1399 4103 arationibus
1410 4066 1551 4120 pauperes.
1564 4053 1677 4111 Nomine
1689 4058 1787 4128 quippe
1802 4060 1908 4116 sudoris
1927 4077 2044 4132 qenero-

1251 4137 1304 4193 lem
1318 4153 1394 4194 sacra
1404 4139 1540 4211 Scriptura
1553 4144 1713 4214 significarit
1725 4147 1863 4215 laborem,
1885 4165 1900 4205 a
1912 4168 1967 4223 quo
1981 4155 2044 4209 nul·

1252 4227 1295 4284 lus
1310 4229 1449 4284 ltominum
1464 4240 1506 4286 est
1525 4233 1661 4302 immonis,
1677 4250 1737 4291 cum
1750 4238 1794 4292 alii
1812 4239 1935 4301 laborant
1953 4244 2043 4313 uperi·

1251 4319 1302 4374 bus
1314 4320 1388 4375 duris
1401 4361 1408 4385 ,
1421 4321 1466 4376 alii
1478 4322 1682 4381 sollicitantibus
1691 4329 1772 4383 euris.
1788 4329 1827 4385 bd
1842 4330 1951 4388 eosdem
1965 4333 2044 4391 labo·
2076 4363 2081 4370 ·

1251 4424 1296 4466 res
1305 4412 1439 4482 pertinent
1454 4414 1534 4468 etiam
1548 4415 1635 4472 studia
1648 4434 1816 4492 quorumque
1825 4422 1995 4480 discentiam.
2008 4425 2043 4481 m

1251 4514 1310 4572 qnae
1321 4502 1389 4571 parit
1402 4502 1476 4565 ltaec,
1491 4505 1542 4559 nisi
1558 4515 1627 4562 terra
1640 4508 1708 4576 bac,
1722 4526 1803 4582 quam
1825 4497 1955 4570 formator
1967 4514 2038 4587 ejus,

1251 4590 1357 4661 quaudo
1372 4592 1485 4662 prunum
1500 4593 1635 4653 hominem
1649 4599 1783 4668 condidit,
1794 4618 1847 4657 non
1862 4601 1963 4660 fecerat
1971 4611 2041 4662 ‘one-

1251 4685 1357 4738 rosam?
1372 4685 1446 4741 Nune
1459 4702 1531 4753 reru,
1550 4689 1619 4744 sicut
1633 4692 1762 4761 seriptum
1776 4702 1828 4759 est,
1841 4694 1939 4764 Corpus
1950 4712 2041 4752 corn·

1252 4774 1466 4846 ptibifeoppruout
1480 4774 1601 4845 uttirrru‘nr,
1613 4766 1764 4851 et'dcpriuttt
1778 4785 2038 4843 terreaainftufitatio

1250 4878 1350 4918 eorsum
1360 4868 1440 4919 mutto
1449 4866 1616 4936 copitentem
1637 4878 1660 4923 ct
1673 4869 1808 4940 difficafter
1818 4874 1972 4931 nummus
1982 4892 2040 4948 quor

1250 4952 1277 5006 in
1287 4964 1354 5008 terro
1367 4966 1442 5020 sunt,
1457 4967 1480 5009 et
1494 4971 1550 5026 qttu·
1559 4958 1587 5011 iu
1601 4970 1735 5029 prospectu
1749 4971 1817 5029 sant,
1829 4964 1970 5020 insanimus
1983 4983 2041 5022 cam

1251 5045 1335 5100 futore
1347 5046 1424 5118 (Sap.
1441 5063 1480 5113 tx,
1497 5049 1542 5113 fai,
1559 5049 1615 5121 16).
1634 5049 1696 5106 Siue
1706 5065 1771 5123 erqo
1781 5054 1872 5122 utiles,
1888 5054 1946 5111 sire
1958 5056 2040 5112 lntttf·

1251 5136 1291 5192 tes
1300 5152 1479 5208 quascumque
1493 5138 1628 5195 doctrinas
1641 5141 1748 5198 studeat
1761 5143 1842 5200 bomo
1855 5144 1971 5215 discere,
1991 5161 2042 5219 ag-

1250 5238 1378 5297 gravante
1395 5229 1511 5283 animam
1537 5232 1703 5302 corruptibili
1730 5248 1854 5305 corpore,
1872 5250 1983 5293 necesse
2001 5247 2045 5296 est

1251 5319 1363 5374 laboret.
1377 5320 1507 5387 Quocirca
1520 5322 1601 5376 etiam
1622 5325 1661 5378 sic
1674 5325 1698 5379 ei
1710 5333 1780 5379 terra
1796 5325 1845 5380 ista
1858 5328 1950 5398 spinas
1961 5330 2043 5400 parit.

1251 5408 1305 5465 Nec
1322 5410 1356 5465 ab
1373 5410 1415 5464 lais
1427 5412 1512 5481 spinis
1531 5412 1627 5468 divites
1640 5412 1764 5470 dieantur
1779 5416 1859 5474 alieni
1870 5437 1877 5475 ι
1888 5421 2039 5491 praesertim

1251 5503 1311 5574 quia
1326 5504 1418 5573 spinas
1445 5505 1544 5560 illasio
1563 5505 1718 5575 Evangelio,
1734 5508 1832 5578 quibos
1852 5510 1922 5582 lacta
1937 5512 2039 5568 semina

1251 5610 1285 5650 oe
1307 5594 1340 5650 ad
1355 5593 1544 5652 fecunditatem
1562 5598 1739 5667 perveniant,
1752 5603 1948 5673 opprimuntur,
1962 5618 2041 5660 caras

1251 5700 1311 5742 esse
1325 5687 1401 5756 liujus
1410 5689 1470 5743 riae
1485 5698 1513 5744 et
1525 5689 1716 5747 sollicitudines
1730 5692 1883 5748 divitiarum
1896 5693 1966 5750 Deus
1978 5709 2037 5749 aaa·

1250 5780 1333 5851 qister
1344 5779 1452 5850 exponit
1463 5780 1571 5850 (ffattfr.
1594 5798 1650 5849 rut,
1665 5783 1733 5853 22);
1751 5785 1796 5855 qui
1809 5792 1882 5839 certe
1897 5798 1949 5838 troo
1969 5785 2042 5841 solus

1279 5892 1291 5963 '¹
1305 5892 1447 5953 signieritts.
1457 5892 1573 5944 nudanda
1583 5894 1959 5959 eruciatimomissodtatttuttq·
1967 5899 2042 5950 testi·

1251 5958 1325 6002 tuttur
1337 5966 1368 6002 ex
1381 5958 1554 6017 nanourtprts.
2067 6014 2069 6018 ⁴

1251 6016 1340 6125 mltis
1366 6017 1580 6078 tnattuscritortun
1600 6017 1646 6067 fblc
1671 6017 1796 6076 adtliotus,
1821 6019 1864 6067 tett'
1891 6026 1971 6073 mett
1991 6023 2043 6079 110·
2074 6062 2086 6081 ..

1729 6161 1953 6244 (cinerente.)
