4900 6892
418 587 483 643 1757

413 701 518 762 dacius,
531 711 616 768 grnca
628 706 654 751 ct
665 697 744 752 latina
758 697 845 766 lingna
856 694 1041 750 sibolasticns.
1053 694 1131 750 Prius
1141 704 1204 766 ergo

414 784 491 838 qnam
517 769 677 838 iaoptocncm
700 767 796 835 Pelagii
820 767 845 819 in
868 780 897 818 sc
918 765 1044 834 aperiret,
1069 765 1156 820 clarus
1179 767 1205 819 iii

414 838 568 892 ‹locteriims
589 839 715 891 Ecclesiae
735 835 904 906 initzpnstea
925 850 987 889 iere
1001 849 1062 889 cum
1082 834 1205 889 perusini

415 908 513 978 Pelagii
528 907 692 966 delimderet,
705 905 809 974 scripsit
822 905 948 959 adsersus
962 904 1067 959 beatum
1082 905 1203 974 litigasti-

416 994 478 1033 num
499 979 709 1048 impugnatorem
731 976 801 1028 illius
822 974 904 1029 libres
918 983 1048 1046 quamam
1069 976 1205 1030 etiterum

417 1049 499 1102 libros
514 1056 584 1100 actm
599 1046 646 1101 Est
657 1055 686 1100 et
696 1046 762 1100 liber
775 1044 953 1100 altercationis
966 1043 1104 1099 amborum
1119 1053 1207 1114 partes

416 1132 479 1173 suas
499 1114 696 1171 defendentium
722 1114 769 1187 (n).
791 1114 839 1168 iiie
866 1113 985 1169 Julianus
1007 1115 1205 1184 eleemosynam

417 1199 537 1255 lenimine
558 1186 636 1240 laniis
658 1197 684 1239 et
706 1185 833 1254 augustia}
849 1183 1025 1253 indigentibus
1038 1198 1205 1253 praerogatis,

418 1258 516 1310 ararites
535 1255 711 1311 miserationis
733 1255 838 1324 specie,
856 1254 988 1322 praecipue
1005 1253 1205 1320 religiosorum,

418 1327 539 1391 illiciens,
564 1325 658 1380 liauesi
679 1341 734 1380 sem
753 1324 874 1379 sociarit.
898 1323 1007 1378 liei-itur
1022 1322 1207 1378 Valentiniano

417 1396 564 1451 Constantii
580 1396 633 1449 lilio
646 1396 804 1464 imperante.

417 1503 559 1543 acucireii
570 1528 578 1553 ‚
594 1503 619 1542 m
630 1501 827 1543 consentiente
838 1500 1051 1541 sonnertrtonott
1064 1501 1088 1541 tn
1099 1500 1206 1541 scnitrri

730 1592 829 1631 intrusi
842 1573 891 1648 (e).

420 1713 423 1717 ⁷
455 1689 480 1743 l.
495 1686 648 1756 liceatque
660 1685 791 1756 ejusmodi
807 1684 933 1758 [capitula
954 1682 1104 1756 Pelaginna]
1123 1684 1202 1740 etiam

418 1757 534 1822 iuliane,
548 1766 576 1811 et
588 1759 692 1812 cri-teris
706 1757 764 1825 eius
777 1756 1047 1825 eoinmanipulariims
1062 1755 1201 1824 piauaiere:

418 1842 551 1897 quaecum
566 1827 758 1897 cognitamque
773 1826 887 1887 detecta,
903 1824 1082 1879 ecciesiastiea
1096 1826 1207 1879 iniissent

418 1913 480 1952 cmii
490 1897 604 1966 praelatis
613 1897 733 1964 personis
741 1894 858 1967 [Pelagio
868 1904 896 1950 ct
904 1893 1040 1966 Coeiesiio]
1050 1895 1206 1950 auctoritate

418 1968 559 2030 tintinnum,
581 1966 708 2020 librorum
732 1981 837 2036 quoque
859 1965 1049 2019 numerositate
1063 1965 1096 2019 ab
1110 1967 1205 2020 eodem

417 2037 523 2092 Jiiliane
537 2036 644 2090 detensa
667 2044 746 2100 sunt,
765 2035 915 2105 placuitque
934 2035 959 2090 ei
981 2049 1042 2088 eum
1054 2034 1163 2105 Pelagio
1175 2044 1205 2090 et

418 2108 543 2163 Coelestie
556 2106 581 2160 in
594 2105 765 2160 diimnaiiene
777 2106 883 2160 tertium
896 2105 1039 2158 numerari.

452 2177 480 2230 Ξ.
496 2176 570 2231 Tune
590 2183 681 2229 contra
698 2175 813 2244 pueriles
836 2189 916 2228 ausus
929 2174 987 2244 ejus
1001 2183 1100 2230 sanetae
1115 2190 1206 2231 recor·

418 2245 533 2300 dationis
555 2247 717 2314 Aiigustinus
738 2246 879 2314 episcopus
902 2244 1015 2299 dirersis
1039 2247 1206 2313 termini-ibus

417 2316 539 2370 diversos
557 2315 675 2370 condidit
689 2315 781 2379 libros,
795 2330 827 2370 es
843 2315 938 2384 qiribus
950 2314 1205 2369 omiiiliusinlianus

416 2401 499 2440 unum
522 2386 556 2440 de
576 2384 680 2441 duobus
694 2387 778 2454 primo
793 2393 911 2453 tempore
923 2384 958 2437 ad
975 2384 1106 2439 Valerium
1127 2386 1205 2439 eititis

417 2457 507 2524 elegit,
522 2456 563 2508 eui
575 2466 688 2524 quatuor
700 2455 773 2509 libris
785 2470 800 2508 a
812 2468 841 2509 se
851 2452 884 2508 ad
894 2453 1066 2506 Turbaiitium
1076 2454 1205 2509 absolutis

417 2525 613 2579 contradiceret
629 2524 664 2594 (ci
677 2540 682 2576 τ
693 2525 814 2592 suqueiiti
829 2538 892 2576 reru
907 2524 951 2576 uiii
966 2531 1027 2576 oete
1042 2522 1141 2578 ultimis
1155 2538 1203 2576 ro-

416 2595 560 2649 luminibus
570 2594 602 2647 ad
615 2594 721 2648 i'lorum
732 2593 836 2648 emissis
845 2591 1011 2661 respondisse
1023 2606 1052 2646 se
1060 2591 1203 2663 jactatldi;

417 2664 520 2733 lingens
541 2664 638 2717 nuiltos
659 2663 717 2732 cius
740 2663 822 2717 sancti
847 2664 895 2716 viri
918 2675 998 2731 snper
1019 2661 1068 2717 liae
1090 2677 1119 2717 re
1138 2664 1204 2717 aiies

416 2733 567 2788 elaboratos
578 2734 683 2802 penitus
696 2734 826 2803 ignorare.
840 2733 941 2799 Quibus
953 2743 1013 2785 oete
1029 2732 1128 2785 ultimis
1142 2731 1205 2786 bur-

417 2803 471 2856 rida
485 2803 642 2873 loquacitate
651 2814 787 2874 evagatus,
798 2803 928 2858 disertum
940 2816 968 2857 se
978 2803 1060 2872 magis
1069 2811 1204 2858 ostentare

416 2880 444 2926 et
457 2873 566 2927 sciolum
582 2874 691 2936 rolens,
716 2881 774 2942 post
797 2872 998 2926 innumerabilia
1021 2872 1203 2928 ciitti'icioiutn

416 2941 531 3010 prasina,
547 2959 606 3012 qum
627 2945 651 2996 in
666 2953 786 2997 sanctum
802 2957 881 3010 supra
894 2942 994 2997 dictum
1009 2943 1093 2995 virum
1108 2953 1148 2996 est
1159 2943 1202 3011 jn·

415 3011 530 3077 eiiliittis,
547 3013 602 3066 litec
617 3012 801 3081 impudenter,
818 3013 871 3064 imo
883 3012 936 3080 jara
957 3013 1037 3080 tuapte
1058 3009 1203 3069 delendave

415 3097 495 3135 ausus
509 3090 564 3143 est,
578 3098 666 3151 quasa
685 3081 791 3152 Pelagio
808 3081 984 3149 ilmlestioque
998 3097 1058 3135 cmii
1074 3082 1100 3136 iii
1116 3082 1205 3151 perui·

416 3152 513 3205 niciem
528 3166 602 3206 suam
616 3151 740 3207 didicisse
751 3153 872 3220 superius
886 3152 1090 3206 meniomniimis
1102 3171 1108 3204 ι
1118 3168 1204 3221 quan·

414 3235 515 3289 quam,
536 3223 605 3275 sicut
615 3223 670 3289 jam
691 3222 822 3290 prioribus
836 3229 949 3291 quatuor
963 3222 1053 3285 libris,
1068 3222 1202 3279 eademst

414 3304 521 3360 semper
531 3294 623 3346 eadem
634 3293 751 3352 uoluens,
762 3299 790 3345 et
799 3292 900 3345 inultum
911 3291 1055 3360 prudenter
1065 3292 1204 3350 inveniens

414 3360 535 3421 exitum,
561 3362 664 3431 injuriis
686 3369 714 3416 et
734 3361 903 3416 coutumeliis
928 3363 1011 3442 magis
1034 3363 1204 3421 membranas

414 3443 462 3485 seu
476 3433 597 3498 chartas,
613 3445 692 3500 quam
705 3431 757 3484 iilia
772 3431 832 3484 tinet
847 3438 919 3484 reeta
932 3439 1036 3485 ratione
1048 3433 1201 3501 complevit.

414 3501 519 3555 Etcum
536 3501 584 3556 liae
604 3515 706 3554 sumnia
715 3501 843 3555 brevitate
854 3499 1082 3569 etScripturnruni
1096 3510 1202 3556 saneta·

414 3586 473 3625 runi
489 3580 515 3622 at
536 3585 568 3623 ue
587 3569 735 3624 tiiiinaruni
756 3570 911 3624 auctoritate
932 3578 1003 3624 esset
1017 3570 1129 3638 quaestie
1142 3586 1203 3640 per·

415 3585 565 3703 tractanda,
588 3639 728 3708 plurimam
747 3638 796 3694 sibi
818 3641 957 3694 distortam
978 3648 1007 3693 et
1026 3642 1135 3694 omniuo
1149 3657 1201 3696 nen

412 3711 592 3764 necessariam
617 3710 783 3779 loqrmeitatis
804 3710 963 3781 conseripsit
984 3710 1142 3775 materiam,
1169 3713 1202 3768 de

325 3776 338 3797 ⁹
413 3794 464 3849 qua
485 3788 512 3834 ct
534 3779 613 3848 impia
627 3779 753 3845 cuderet,
776 3786 803 3834 et
816 3794 923 3849 prorsus
935 3789 1026 3850 ageret
1039 3780 1114 3835 nibil.
1129 3781 1201 3838 Nihil

413 3850 483 3904 enirn
499 3851 567 3919 agit,
582 3851 626 3920 qui
642 3849 769 3918 impietati
785 3865 892 3919 operam
906 3859 993 3904 navat.

448 3921 475 3976 5.
489 3921 601 3974 Sanctia
612 3928 700 3974 tainen
711 3935 782 3989 sepe
793 3921 880 3976 dictus
889 3922 1029 3991 episcopus
1039 3922 1201 3993 Augustinus

413 4003 459 4044 sex
480 3991 534 4043 suis
550 3989 624 4043 libris
640 3999 754 4058 quatuor
766 3991 836 4044 iliius
848 3992 951 4060 priores
965 3992 1060 4046 evertit
1074 3995 1123 4062 (et,
1140 4002 1202 4047 octo

411 4075 517 4129 quoque
537 4060 697 4130 posteriores
718 4060 828 4127 singulis
852 4061 1069 4131 responsionibus
1091 4063 1146 4116 suis
1167 4062 1200 4118 ad

412 4130 515 4199 singula
534 4129 646 4198 capitula
669 4130 796 4199 subjectis
813 4130 864 4202 (ii,
885 4146 915 4185 ac
935 4133 973 4186 sic
992 4145 1075 4185 narres
1092 4132 1149 4200 ejus
1169 4148 1202 4188 ac

413 4200 550 4281 plumbens
563 4200 692 4269 pugiones
702 4201 798 4255 mallee
810 4201 947 4255 catliolietc
956 4203 1075 4255 recitatis
1085 4201 1198 4268 obtudit,

410 4283 467 4323 tino
479 4268 618 4340 ceiilregit.
633 4269 710 4336 Quod
733 4272 870 4341 utriusque
891 4286 958 4340 opus
977 4285 1038 4325 cum
1055 4273 1080 4325 iu
1096 4283 1200 4328 nostras

412 4354 506 4392 manus
526 4341 660 4404 venisset,
683 4339 743 4409 qnia
767 4349 821 4395 tota
845 4356 947 4395 sumnia
969 4341 1050 4410 inepti
1071 4350 1098 4396 et
1117 4343 1200 4412 inagis

412 4409 484 4477 impii
501 4408 596 4463 iuliani
612 4410 710 4465 laboris
724 4409 758 4464 ad
780 4426 858 4464 unam
878 4425 984 4478 praiarn
998 4412 1082 4481 redigi
1098 4413 1200 4467 videtur

410 4482 589 4540 seutentiam,
613 4496 623 4530 ι
636 4478 721 4533 Adaei
737 4480 858 4536 ridelieet
873 4490 919 4535 ret
934 4481 995 4534 Eme
1010 4483 1199 4550 transgressio·

411 4564 472 4601 nem
487 4564 533 4603 eos
548 4564 599 4602 rino
616 4547 710 4604 iecisse
725 4552 867 4613 mortales;
883 4565 932 4605 nee
947 4566 1043 4605 ninam
1059 4566 1152 4606 eorum
1165 4552 1199 4606 ad

410 4629 533 4688 posteros
546 4619 687 4689 originaria
703 4620 871 4674 successione
883 4623 1022 4684 transisse,
1039 4625 1094 4675 sola
1109 4630 1199 4678 autern

410 4689 556 4742 imitatione
568 4689 673 4742 illorum
687 4688 733 4758 qni
747 4689 834 4744 dinina
853 4691 975 4746 matinata
989 4694 1197 4761 contempserit,

408 4756 479 4812 cilici
502 4772 620 4813 tetimtt
644 4757 695 4813 lioc
715 4774 789 4828 ergo,
814 4769 842 4813 nt
859 4761 931 4824 dini,
955 4770 1038 4814 totum
1058 4776 1125 4830 epus
1138 4778 1198 4832 cmn

409 4828 553 4882 studiosius
563 4828 747 4899 perlegissem,
760 4830 875 4884 breuiter
885 4846 933 4899 pro
944 4842 1093 4884 uestrarum
1103 4833 1198 4887 virium

410 4898 534 4952 monitate
551 4900 781 4953 subinitaiionibus
802 4914 834 4955 es
848 4901 924 4955 libris
936 4900 1009 4968 ejus,
1025 4901 1070 4955 nbi
1086 4902 1129 4956 ubi
1148 4917 1198 4972 op·

409 4969 556 5034 portunitas
577 4971 673 5040 exegit,
695 4970 833 5039 appositis,
856 4984 906 5039 ege
926 4985 1032 5039 quoque
1054 4974 1196 5041 respondi:

409 5053 462 5102 qne
474 5038 558 5092 lector
570 5048 629 5107 pest
644 5041 709 5093 tanti
734 5039 821 5093 Patris
841 5048 869 5094 et
888 5041 1006 5108 magistri
1021 5041 1126 5107 tubam,
1147 5058 1197 5096 no-

407 5115 490 5161 stram
505 5109 583 5162 eiiam
599 5110 729 5177 piamonem
746 5108 859 5163 listuiam
880 5124 931 5163 non
951 5122 1106 5179 aspernatus
1120 5127 1197 5166 asso-

409 5191 494 5243 mere,
506 5187 559 5231 tota
573 5177 979 5247 inteiligatbreiitatelulianum
990 5182 1016 5234 in
1029 5181 1197 5238 elaborandis

407 5248 632 5303 numerosissimis
641 5249 713 5303 lituis
722 5249 827 5304 inanem
840 5258 867 5304 et
880 5250 984 5320 plenam
999 5253 1087 5321 potius
1095 5253 1198 5322 jacian-

437 5466 475 5532 (ιι)
488 5471 569 5540 ipsum
579 5474 618 5519 est
629 5469 753 5533 tergestini
769 5476 833 5580 epos
848 5468 1025 5544 imperfectum,
1039 5482 1089 5537 quo
1102 5469 1198 5523 refellit

406 5540 453 5578 sex
464 5540 559 5712 priores
569 5543 600 5579 ex
612 5542 684 5593 supra
693 5531 763 5580 dictis
771 5531 787 5580 ir
806 5533 840 5581 ris
852 5539 906 5583 ecto
915 5531 1009 5581 iubant.

450 5591 464 5638 b
485 5589 676 5641 tideexordmm
684 5604 766 5652 supra.
777 5591 824 5641 eol.
836 5592 980 5643 tetetesi.
1029 5632 1032 5637 ⁴

448 5663 463 5699 c
489 5652 574 5701 tabani
584 5653 753 5714 opusprtmum
764 5651 839 5702 libres
849 5660 950 5716 qiiatuer
957 5655 1085 5704 matinens
1093 5657 1197 5718 scalptos

405 5718 489 5761 corinti
496 5710 583 5761 librrmi
595 5713 697 5773 panium
705 5713 738 5762 ds
749 5713 839 5775 nuptiis
850 5723 876 5763 et
885 5716 1087 5777 teneap'iscentia.

437 5770 476 5833 (ιι)
491 5773 670 5836 epusejusdem
680 5782 828 5836 postremum
838 5774 954 5825 librorum
961 5774 1196 5829 octocentcalibrttm

403 5841 539 5885 mconourn
549 5833 581 5883 cle
593 5835 682 5898 nuptiis
691 5844 717 5884 et
728 5836 933 5900 concapiseentia.

444 5902 460 5942 e
487 5900 610 5957 augustini
621 5907 682 5956 epiis
693 5897 794 5956 primurn
803 5906 886 5948 centra
897 5896 1024 5947 ratianum.

403 6017 460 6080 W
490 5962 554 6018 opus
571 5955 704 6005 seeundum
720 5965 801 6007 contra
814 5961 936 6022 eamdem,
953 5959 1018 6024 qued
1037 5957 1135 6024 reliquit
1149 5959 1194 6010 im·

457 6023 546 6068 ethim.

504 6104 753 6181 Parnonxtv.

681 573 785 631 tants
803 565 945 628 sentina
963 581 1008 637 Ab
1028 579 1212 656 tiistetttatt
1231 580 1498 642 esttettttetttttt
1518 583 1760 660 castinensis.

1977 588 2044 644 ties
2105 599 2107 605 '

1262 694 1305 751 tin
1327 710 1387 750 rum
1409 710 1511 752 summa
1526 697 1661 767 implente
1674 713 1781 769 operam
1798 700 1974 784 impendisse,
1991 715 2043 759 ete..

1294 767 1320 820 i.
1334 766 1410 820 Tune
1431 777 1530 823 satiet-e
1553 783 1584 821 ac
1606 768 1690 823 beate
1710 772 1901 827 reeordationis
1920 774 2046 829 muenia

1257 836 1375 905 episcopi
1389 836 1476 890 tilius?
1490 848 1516 891 m
1529 836 1641 892 iuliane
1655 839 1787 908 primariae
1808 840 1930 907 lemiiitc.
1953 852 2044 915 etqua

1260 906 1328 961 nibil
1341 905 1479 961 honestius
1494 907 1563 961 inter
1579 910 1807 964 reverentissimas
1820 923 1953 968 matronas
1966 913 2044 975 inre·

1259 976 1326 1039 nias,
1339 986 1415 1031 utere
1427 976 1532 1031 editusi
1545 977 1630 1041 Absit,
1644 978 1729 1043 absit,
1746 987 1775 1034 ut
1789 980 1835 1036 tibi
1856 983 1924 1038 istud
1936 984 2047 1042 credere

1258 1047 1354 1100 ausim.
1365 1045 1538 1101 Vernularum
1550 1055 1575 1101 te
1584 1061 1676 1101 eorum
1705 1048 1776 1103 otius
1784 1048 1942 1107 crediderim
1950 1054 2046 1116 libum.

1259 1116 1476 1184 suppositumque
1489 1116 1551 1182 iilis,
1561 1125 1590 1170 ut
1599 1133 1670 1184 saepe
1682 1064 1779 1174 dieitur
1789 1118 1896 1185 lactum,
1905 1126 2047 1193 etqundtu

1259 1188 1347 1306 pitius
1367 1195 1437 1238 tanta
1452 1186 1506 1240 oris
1521 1187 1557 1241 tui
1570 1188 1716 1268 petulantia
1729 1197 1757 1244 et
1769 1189 1933 1246 obscenitate
1944 1209 2044 1264 appro-

1269 1270 1323 1308 ias:
1334 1263 1379 1309 aut
1393 1257 1415 1310 si
1430 1256 1456 1310 id
1472 1270 1524 1311 nen
1539 1268 1605 1323 erit,
1619 1257 1796 1328 degenerasse
1809 1261 1868 1316 illes
1880 1262 1906 1316 in
1921 1270 1962 1330 te,
1979 1264 2045 1320 nulli

1258 1324 1368 1379 duliium
1384 1326 1453 1391 erit,
1474 1327 1518 1395 qui
1542 1336 1654 1382 sanctes
1670 1329 1774 1384 illerum
1790 1330 1926 1387 bominum
1941 1350 2045 1403 meres,

1259 1405 1376 1450 sanctim
1401 1395 1498 1462 vitani,
1523 1396 1723 1468 institutumque
1748 1409 1896 1469 nonerunt,
1918 1411 2047 1477 tuumque

1259 1479 1410 1519 sermenem
1431 1466 1457 1520 iii
1481 1467 1586 1534 scriptis
1608 1467 1680 1522 liisee
1702 1470 1847 1538 prudenter
1870 1471 2046 1543 inspexerint.

1259 1534 1375 1602 Qiinrnm
1388 1550 1452 1590 sane
1462 1545 1521 1606 post
1530 1535 1629 1590 ebitum
1640 1548 1791 1593 sanctoruni
1802 1541 1939 1597 bemirmm
1949 1547 2048 1602 merito

1260 1614 1286 1659 tu
1298 1605 1363 1659 diras
1372 1618 1478 1660 sorores
1488 1615 1546 1660 tuas
1554 1606 1650 1661 talitius
1660 1608 1806 1678 disciplinis
1814 1612 1850 1666 tui
1860 1614 2046 1672 oriseiudisti.

1259 1673 1398 1738 Nei'imiis.
1412 1676 1534 1730 norimus
1544 1675 1606 1746 quid
1618 1678 1663 1732 tibi
1675 1694 1724 1732 unu
1735 1694 1837 1748 earnm,
1854 1696 1914 1738 cum
1927 1693 1954 1738 tii
1967 1687 2047 1741 nimis

1259 1760 1367 1800 seierus
1382 1747 1408 1798 iii
1424 1746 1481 1815 ejus
1495 1746 1596 1800 ruinam
1614 1747 1723 1815 pudoris
1738 1750 1903 1819 insurgeres,
1919 1755 2049 1824 obiecerit

1260 1817 1299 1869 vel
1319 1815 1532 1884 exprobraverit:
1555 1825 1634 1886 atque
1656 1828 1682 1872 tit
1703 1830 1791 1874 nimus
1807 1821 1879 1878 illice
1893 1839 1946 1878 niro
1966 1842 2048 1882 ausus

1259 1884 1409 2007 psalterios
1423 1900 1542 1941 censurae
1556 1894 1607 1942 tum
1620 1888 1687 1943 ullas
1701 1888 1786 1946 dolori
1801 1891 1859 1962 ejus
1872 1893 1972 1952 inferre
1986 1911 2046 1952 ine·

1270 1957 1362 2020 estias,
1378 1965 1430 2010 etc.

1293 2025 1321 2080 5.
1337 2025 1404 2079 andi
1418 2033 1527 2082 inuncet
1539 2032 1565 2081 tu
1578 2069 1585 2092 ,
1600 2029 1685 2098 etqui
1700 2047 1743 2086 me
1762 2040 1790 2088 ct
1808 2040 1834 2088 tc
1846 2032 1987 2103 dignanter
1998 2034 2046 2092 lia-

1259 2093 1363 2150 buerint
1384 2096 1491 2167 legere,
1515 2097 1578 2166 quid
1592 2108 1685 2154 centra
1700 2102 1770 2157 bunc
1783 2115 1891 2158 sensum
1906 2112 1979 2159 tunm
1995 2107 2047 2161 im·

1258 2165 1416 2232 piissimum,
1429 2167 1624 2236 qirarissimuni,
1639 2170 1907 2240 impudentissimum,
1923 2177 2045 2244 petulan-

1258 2235 1406 2301 tissimum,
1421 2252 1482 2306 qum
1494 2238 1557 2291 elim
1578 2238 1635 2306 ipse
1650 2242 1871 2309 pronuntiaveris,
1894 2244 1920 2297 iti
1935 2246 2045 2315 epistola

1258 2304 1380 2360 videlicet
1394 2315 1455 2367 tna,
1480 2321 1559 2374 quam
1574 2308 1607 2362 ad
1622 2309 1718 2364 Sedent
1734 2312 1906 2380 apostolicam
1921 2314 1966 2368 iile
1980 2325 2046 2371 terii·

1258 2389 1321 2442 porc
1336 2389 1417 2428 ausus
1430 2390 1460 2430 es
1478 2377 1598 2439 mittere,
1611 2380 1717 2447 quamle
1731 2391 1878 2435 ennicntus
1891 2383 2046 2442 detrectasti
2113 2411 2115 2414 ·

1257 2459 1317 2497 eiim
1334 2445 1457 2499 universa
1481 2446 1598 2500 Ecclesia
1621 2463 1667 2516 per
1689 2458 1774 2503 totum
1795 2451 1888 2506 erberti
1911 2452 2045 2524 Pelagium

1256 2511 1464 2583 caelestiumque
1487 2514 1633 2582 dauiiiare;
1655 2533 1714 2587 qiiae
1737 2529 1877 2590 antequam
1899 2523 1927 2577 iii
1950 2541 2046 2581 iiiatitrs

1257 2589 1356 2638 sancte
1371 2583 1440 2637 illius
1452 2582 1580 2638 nninaaae
1599 2586 1725 2643 Ecclesia
1744 2591 1847 2645 veniret
1861 2593 2003 2657 antistitis,
2017 2606 2046 2651 te

1257 2664 1352 2722 agente
1367 2668 1381 2706 a
1398 2655 1531 2710 nonnullis
1545 2670 1559 2708 a
1575 2664 1601 2712 te
1611 2657 1732 2728 deceptis
1752 2675 1800 2728 per
1815 2670 1897 2717 totam
1911 2677 1980 2733 pene
1993 2664 2046 2720 ltn-

1256 2721 1320 2776 liam
1342 2724 1496 2779 circumlata
1520 2733 1577 2788 est,
1600 2735 1627 2782 et
1651 2736 1774 2798 tanquam
1797 2746 1921 2801 magnum
1945 2735 2044 2807 aliquid

1257 2793 1401 2849 multorum
1413 2795 1522 2858 auribus
1535 2794 1668 2852 insinuata
1682 2801 1867 2869 cognoscitur.¹
1877 2801 1916 2858 lbi
1931 2820 2046 2875 uanique

1256 2859 1327 2919 inter
1340 2873 1435 2920 cetera
1450 2865 1485 2920 ita
1506 2865 1645 2933 aiszioui
1663 2876 1706 2924 est
1724 2869 1805 2939 igitur
1822 2881 1956 2941 assertor,
1974 2877 2047 2948 qnod

1257 2949 1343 3004 neque
1362 2950 1410 3004 per
1428 2944 1541 2989 niortent
1563 2936 1628 2991 Adae
1646 2952 1725 2992 enine
1738 2955 1821 3009 genus
1834 2941 1972 3000 bominum
1987 2963 2044 3001 ιιιιι-

1256 3005 1350 3068 riatur,
1364 3021 1449 3074 neque
1465 3020 1511 3075 pes
1522 3008 1746 3064 resurrectimieni
1760 3010 1857 3066 coristi
1871 3027 1950 3069 einnc
1978 3031 2045 3073 entis

1255 3073 1393 3128 horninum
1406 3083 1544 3144 resurgat,
1566 3086 1659 3132 contra
1680 3081 1837 3147 Apostolum
1860 3086 1941 3139 sentit
1953 3030 2043 3142 dcen-

1256 3151 1321 3210 tetn,
1334 3143 1406 3199 Sient
1420 3147 1447 3199 in
1458 3145 1542 3200 Adoni
1557 3163 1643 3202 crines
1653 3150 1811 3216 cinnamon·
1822 3152 1858 3206 ito
1870 3162 1893 3206 et
1905 3154 1931 3208 in
1944 3153 2044 3213 cirino

1254 3228 1342 3268 omna
1355 3215 1548 3285 riuificnbiintnr
1566 3215 1606 3287 i(l
1619 3217 1677 3272 Cor.
1693 3235 1740 3287 xv,
1752 3220 1811 3292 22).
1827 3222 1875 3278 liic
1887 3240 1936 3293 qua
1950 3224 2044 3284 fraude

1254 3293 1347 3353 etque
1361 3287 1422 3340 dote
1438 3301 1506 3354 qiies
1520 3301 1613 3342 emnes
1624 3287 1699 3344 dicas
1713 3299 1740 3344 et
1753 3295 1862 3359 sentias,
1879 3295 2001 3351 novimus
2014 3308 2042 3354 et

1256 3363 1393 3418 tenemus,
1407 3355 1529 3412 atocttcct
1543 3372 1596 3411 nen
1611 3373 1704 3414 omnes
1717 3362 1826 3416 omnino
1840 3362 1977 3431 lteiiiines,
1992 3367 2044 3424 bec

1254 3431 1305 3487 est,
1321 3433 1404 3478 tetum
1419 3439 1503 3494 genus
1513 3424 1677 3490 humanum,
1693 3429 1741 3484 sed
1756 3430 1805 3485 lios
1818 3447 1911 3490 omnes
1925 3437 1969 3505 qui
1982 3436 2043 3493 irni-

1256 3503 1354 3546 tateres
1367 3493 1430 3547 nde
1447 3509 1507 3549 esse
1527 3495 1677 3550 voluerint:
1690 3508 1716 3552 ci
1733 3516 1742 3550 i
1757 3515 1804 3568 per
1822 3508 2043 3564 resurrectionem

1254 3562 1385 3627 Cirristi,i
1402 3563 1471 3632 quod
1487 3564 1530 3617 ilie
1544 3566 1687 3631 apestolus
1700 3567 1777 3635 dixit,
1794 3585 1907 3628 somnes
1918 3590 2043 3635 resurre-

1253 3642 1378 3698 cturos»
1402 3633 1524 3688 similiter
1542 3635 1599 3689 sine
1614 3636 1693 3692 dubie
1706 3637 1780 3693 dicas
1795 3656 1905 3697 necesse
1918 3655 1974 3712 est,
1989 3663 2042 3705 onii

1254 3717 1334 3756 etune
1349 3717 1458 3772 prorsus
1476 3718 1560 3772 genus
1581 3703 1725 3762 lniiiianum
1741 3721 1951 3769 resurrecturum
1966 3732 2043 3784 csse.

1254 3770 1301 3827 sed
1314 3774 1496 3827 tantummode
1506 3774 1594 3844 justos
1613 3785 1640 3832 et
1653 3789 1779 3846 sanctes,
1794 3781 1839 3853 qui
1851 3781 1949 3840 cinisii
1960 3787 2042 3857 iusti·

1255 3843 1317 3896 tiam
1327 3851 1355 3898 et
1367 3844 1532 3899 sanctitatem
1543 3844 1639 3902 luerint
1647 3849 1755 3915 imitati;
1768 3867 1827 3905 cnm
1837 3863 1941 3910 constet
1950 3874 2043 3916 tamnes

1254 3913 1364 3969 nurnine
1385 3925 1582 3972 resurrecturos
1599 3933 1659 3974 esse
1680 3935 1727 3988 per
1748 3920 1899 3992 climatum,
1921 3920 2043 3999 qiiaimris

1253 3984 1321 4038 alies
1333 3985 1366 4039 ad
1380 4001 1501 4054 regiumi,
1513 3986 1581 4044 alios
1594 3988 1626 4042 acl
1638 3989 1776 4058 judiciuin.

1289 4056 1315 4109 li.
1331 4056 1465 4111 Etaddis:
1479 4058 1561 4112 «iure
1575 4057 1653 4128 igitur
1665 4061 1840 4131 improbatur,
1851 4065 1895 4134 qui
1907 4064 1970 4124 littie
1979 4083 2041 4126 sen·

1254 4126 1344 4180 tentiae
1356 4127 1522 4191 contradicit,
1537 4129 1655 4196 (trinitati,
1669 4129 1721 4183 Per
1735 4132 1861 4187 liontinein
1871 4153 1949 4203 incra,
1960 4149 1983 4192 et
1996 4157 2042 4211 per

1253 4195 1380 4249 lieiiiiiienr
1394 4197 1542 4250 resurrectio
1553 4209 1708 4253 mortuoram
1716 4198 1797 4267 (itit.
1810 4203 1867 4270 2l).
1878 4204 1953 4272 lieni,
1965 4208 2041 4277 Quod

1254 4273 1392 4334 pecatum
1406 4266 1470 4319 Adae
1483 4267 1568 4335 ipsum
1581 4270 1669 4322 seium
1688 4269 1766 4334 laesit,
1782 4281 1810 4326 et
1823 4289 1877 4328 uon
1893 4290 1977 4344 genus
1990 4279 2040 4333 lia·

1252 4349 1371 4389 titanum.
1388 4335 1421 4388 lit
1435 4334 1491 4388 linc
1509 4338 1672 4402 sententiaa
1689 4339 1787 4409 inquis,
1806 4358 1841 4398 ia
1854 4344 1931 4399 nobis
1944 4349 2040 4404 merito

1253 4405 1391 4459 refellitur.
1414 4404 1470 4459 Non
1493 4407 1564 4460 eiiim
1588 4408 1638 4462 soli
1658 4409 1718 4478 ipsi,
1743 4411 1790 4466 sed
1809 4416 1899 4482 generi
1923 4415 2041 4474 limnmm

1252 4475 1370 4529 oblinsse
1393 4475 1554 4529 eredendum
1574 4488 1646 4532 est.»
1662 4479 1695 4533 lit
1716 4479 1760 4535 bic
1782 4482 1844 4551 quid
1866 4498 1947 4554 agas,
1967 4489 2042 4545 salse

1253 4545 1311 4610 tibi,
1327 4552 1356 4599 iit
1370 4556 1457 4614 pitius,
1470 4560 1549 4600 sensu
1565 4558 1610 4601 tuo
1623 4550 1782 4619 pravissimo
1794 4561 1821 4607 et
1834 4556 2038 4627 tortuosissimo,

1252 4614 1335 4670 lutere
1357 4631 1405 4670 nos
1428 4632 1480 4669 non
1501 4618 1701 4688 potuistizquia
1725 4620 1785 4691 ipsi,
1811 4631 1840 4677 nt
1862 4623 1902 4678 ris
1921 4626 2040 4697 eiecere,

1250 4686 1373 4755 qmuniis
1384 4687 1459 4754 pauci
1473 4687 1498 4742 iii
1511 4691 1709 4760 eoniparatieue
1721 4691 1802 4746 tetius
1813 4695 1929 4764 generis,
1944 4692 2038 4755 bitriia-

1251 4771 1315 4810 tmm
1328 4766 1392 4811 sunt
1405 4772 1496 4827 getius.

1288 4827 1314 4880 i.
1330 4826 1413 4889 iterii,
1431 4846 1442 4880 ι
1457 4828 1532 4893 Quod
1556 4828 1689 4893 iaiantes,
1708 4849 1717 4882 i
1733 4829 1839 4902 inquis,
1855 4851 1866 4885 ι
1882 4833 1908 4898 in
1920 4850 1955 4893 ce
1967 4849 2036 4896 statu

1252 4895 1313 4962 sint,
1325 4897 1352 4950 in
1375 4911 1427 4965 quo
1441 4899 1524 4952 aean
1539 4898 1587 4954 leit
1608 4909 1670 4954 ante
1691 4904 1953 4973 praeuaricationem,
1971 4909 2038 4966 iiitcr

1252 4965 1456 5036 indiciplinatas,
1476 4985 1485 5017 i
1500 4969 1561 5032 ais,
1579 4986 1587 5019 t
1605 4980 1698 5038 repnte
1710 4973 1878 5039 questiones.
1892 4975 1950 5031 Non
1964 4982 2037 5036 enini

1252 5051 1299 5105 per
1309 5037 1398 5090 omnia
1418 5038 1444 5090 iii
1455 5051 1489 5091 ee
1503 5047 1571 5092 scitu
1591 5048 1669 5102 sunt,
1691 5042 1734 5109 qni
1747 5053 1894 5099 nascantur
1905 5047 1995 5114 lindie,
2011 5053 2037 5107 in

1250 5121 1305 5229 pue
1314 5106 1397 5159 Adam
1411 5107 1459 5159 luit
1470 5118 1530 5163 ante
1542 5119 1694 5178 peecaturn3
1706 5116 1826 5180 qinuniiis
1841 5126 1868 5169 et
1887 5116 1952 5171 istos
1970 5135 2039 5192 optas

1275 5177 1298 5231 ei
1312 5191 1383 5240 esse,
1397 5177 1465 5231 sicut
1477 5187 1506 5233 ct
1524 5179 1578 5242 iiie,
1599 5181 1689 5250 negari
1701 5197 1764 5236 ‚nen
1777 5185 1869 5253 pessit.
1889 5203 1899 5237 ι
1914 5187 1998 5256 Quem
2011 5203 2039 5248 et

1250 5245 1295 5301 liic
1306 5255 1403 5300 statum
1423 5246 1499 5301 dietis
1513 5258 1541 5303 et
1560 5252 1669 5314 sentias,
1688 5252 1772 5317 silio,
1789 5261 1817 5306 ut
1826 5253 1965 5313 arbitraris
1977 5260 2033 5324 tibi,

1251 5331 1332 5373 sensu
1353 5325 1407 5383 tun,
1421 5318 1521 5386 optime
1535 5320 1665 5384 norimus,
1687 5334 1740 5374 nen
1754 5320 1818 5377 Adae
1832 5322 1956 5383 aidettcet
1974 5342 2036 5388 ante

1251 5397 1398 5456 peccaturi,
1415 5388 1462 5442 sed
1474 5389 1623 5459 exiguitatis
1632 5399 1660 5444 et
1669 5390 1804 5459 praevitatis
1818 5393 1844 5449 in
1859 5408 1910 5464 qua
1922 5412 2038 5456 ostenti.

1251 5465 1294 5511 tur
1306 5459 1427 5525 immites,
1439 5465 1491 5513 etc.

1284 5527 1312 5582 8.
1328 5527 1391 5581 item
1405 5528 1540 5583 subnectis
1549 5526 1756 5592 ,redentionem
1769 5536 1909 5592 mortalem
1925 5537 2034 5602 iactatur.

1249 5598 1294 5667 qui
1309 5598 1363 5652 siue
1373 5608 1506 5666 peccaret,
1520 5598 1577 5652 sive
1590 5614 1642 5651 nou
1660 5611 1799 5671 pasceret,
1813 5606 1907 5661 tuimet
1925 5611 2037 5664 moritu.

1250 5681 1296 5722 rus
1309 5685 1316 5723 :
1331 5682 1380 5722 nec
1391 5666 1441 5721 bec
1453 5682 1537 5723 esser
1554 5668 1643 5722 dixisti
1657 5687 1667 5720 ι
1686 5673 1789 5730 ratione
1800 5676 1953 5732 subnixum.
1973 5678 2038 5735 Cre·

1249 5735 1364 5791 'tiendum
1386 5746 1429 5791 est
1452 5737 1564 5803 enim‚i
1591 5737 1695 5809 inquis,
1713 5762 1723 5795 ι
1739 5743 1916 5803 immortalem
1929 5747 2037 5816 quidem

1249 5804 1360 5887 laetum,
1376 5805 1424 5861 sed
1443 5808 1487 5877 qui
1501 5808 1524 5862 si
1545 5823 1598 5864 rien
1611 5822 1765 5880 peccasset,
1785 5823 1953 5938 pergenium
1973 5817 2040 5888 ligni

1249 5886 1311 5930 t'tlae
1327 5877 1448 5933 iirtiitem
1470 5889 1562 5949 posset
1588 5881 1793 5939 ininiortaiiiatis
1821 5898 1837 5938 a
1858 5884 1943 5954 ipisci.
1969 5886 2038 5951 itate

1249 5945 1329 6014 igitur
1353 5947 1451 6001 dictum
1472 5958 1534 6018 est,
1547 5951 1753 6025 sirepeccaret,
1767 5953 1824 6009 sire
1835 5968 1888 6009 neu
1903 5969 2037 6031 perenm,

1249 6014 1330 6072 inisse
1344 6018 1531 6088 moriturum»
1545 6031 1597 6079 etc.

1611 6111 1917 6196 (diequarte-tiae.)
