4900 6892
487 674 552 731 tbtt

484 789 618 842 clauorum
637 798 712 839 error
739 779 850 848 inducit,
875 778 987 834 duarum
1014 786 1187 844 naturarum,
1212 775 1276 831 boni

485 876 588 932 scilicet
600 873 712 939 etmali,
733 869 874 942 permixtio
896 867 1069 924 crederetur:
1083 866 1154 922 absit
1164 875 1193 922 ιιι
1208 880 1275 921 cau-

483 982 540 1023 sam
555 966 725 1038 parvulorum
738 962 778 1018 sle
790 960 982 1031 relinquamus,
997 968 1026 1013 ut
1040 972 1102 1014 esse
1113 956 1190 1012 nobis
1204 956 1275 1012 diea-

484 1059 692 1120 nrusineertum
704 1063 793 1110 utrum
804 1051 944 1108 inClrristo
952 1048 1112 1122 regenerati,
1121 1048 1145 1105 si
1159 1048 1276 1103 tironian-

484 1165 527 1206 tur
543 1148 658 1221 parvuli,
674 1155 811 1203 transeant
824 1146 851 1201 in
866 1153 993 1201 aternam
1015 1143 1127 1199 salutem
1139 1160 1147 1209 ;
1159 1159 1211 1197 nun
1230 1158 1275 1198 re—

483 1242 601 1312 generati
627 1249 716 1297 autem
740 1247 876 1294 transeant
907 1235 933 1291 in
955 1245 1069 1291 mortem
1102 1234 1264 1291 secundam:

483 1333 609 1405 gerentiam
619 1331 691 1404 quod
704 1331 831 1402 seriptum
850 1338 902 1397 est,
919 1329 971 1384 Per
983 1345 1062 1382 utrum
1073 1327 1201 1382 ιιοιιιιιιιιιι
1215 1344 1275 1399 pec-

483 1439 568 1482 cetum
582 1425 685 1482 introvit
697 1425 724 1480 in
747 1422 879 1489 erundum,
895 1431 918 1476 et
929 1437 975 1492 per
1001 1430 1131 1492 peccatum
1147 1436 1235 1485 utors,·
1250 1429 1273 1472 et

482 1520 519 1572 ite
529 1519 556 1573 in
568 1532 655 1573 omrrea
667 1515 779 1570 beminen
792 1512 937 1586 pertransiit
948 1512 957 1586 (
967 1511 1043 1567 notri.
1052 1527 1080 1578 v,
1093 1511 1136 1577 ta,
1154 1514 1181 1582 );
1196 1511 1275 1567 aliter

483 1616 555 1664 recte
564 1606 673 1679 intelligi
687 1621 740 1661 non
754 1613 844 1676 potest
857 1622 865 1660 ι
880 1618 929 1659 nee
940 1618 956 1658 a
966 1612 1051 1658 morte
1067 1611 1276 1673 perpetuaque

481 1702 628 1770 iustissime
640 1707 682 1756 est
694 1699 823 1755 retributa
848 1704 970 1769 peceato,
993 1695 1088 1750 liberat
1110 1709 1272 1766 quemquam

484 1790 638 1860 pusillorum
654 1796 734 1859 atque
746 1802 914 1859 magnorum,
927 1784 977 1840 nisi
993 1785 1037 1840 ille
1050 1785 1095 1856 qui
1112 1792 1219 1855 propter
1233 1799 1275 1839 re·

485 1881 614 1938 mittenda
628 1887 656 1937 et
669 1879 807 1950 originalia
819 1887 845 1935 et
858 1876 966 1949 propria
977 1886 1067 1931 nostra
1082 1882 1191 1945 peccata
1203 1888 1276 1929 uror·

484 1983 544 2028 trrus
557 1980 599 2028 est
621 1970 751 2027 sincello
774 1984 824 2026 suo
846 1967 967 2040 originali
990 1967 1131 2037 propriore
1154 1974 1273 2036 peccato.

481 2064 534 2121 Sed
549 2080 632 2136 quare
650 2063 710 2119 illos
734 2062 910 2134 potiusquam
922 2058 1000 2115 illesi
1013 2058 1110 2114 lterum
1132 2066 1212 2128 atque
1226 2058 1275 2112 ite·

481 2171 540 2211 rum
553 2154 677 2222 dicimus,
698 2169 749 2210 nee
763 2167 813 2210 nos
826 2153 906 2224 piget,
926 2149 950 2206 0
970 2151 1054 2213 bomo,
1069 2161 1096 2203 tu
1118 2150 1174 2220 puis
1186 2166 1213 2204 es
1224 2150 1268 2219 gui

481 2246 633 2319 reaportdcaa
652 2244 707 2302 Deo
721 2243 731 2318 (
745 2245 820 2301 ιιοιι.
844 2260 882 2311 ιι,
903 2242 939 2299 20
952 2241 986 2315 )ι
1009 2239 1190 2295 inscratabilia
1216 2249 1276 2295 sunt

479 2339 576 2413 judicia
588 2341 661 2412 ejas,
674 2349 698 2394 et
710 2337 894 2409 investigabiles
912 2337 960 2391 uite
970 2336 1024 2406 ejus
1038 2331 1100 2407 (ιιι.
1111 2350 1148 2398 xv,
1162 2334 1225 2404 bb).
1241 2332 1277 2388 Et

482 2431 533 2485 lroc
546 2430 701 2498 adjiciamus
717 2446 724 2483 ι
738 2429 837 2483 Αιιιοιιι
855 2437 879 2482 te
897 2443 929 2481 rte
940 2425 1080 2495 quesieris,
1096 2435 1120 2480 et
1134 2426 1243 2496 fortiore
1253 2434 1277 2480 tc

483 2528 652 2574 recunctatus
665 2505 744 2590 taeda
755 2516 766 2588 (
776 2515 855 2571 Ereti.
870 2531 907 2583 ut,
921 2515 987 2587 ιι).

518 2613 563 2668 bl.
574 2608 676 2666 Videtis
688 2608 760 2664 enim
773 2609 793 2675 ¹,
805 2605 967 2673 charissimi,
982 2617 1060 2676 quam
1072 2606 1107 2660 sit
1115 2603 1272 2671 absurdum,

482 2711 510 2759 et
520 2719 535 2757 a
545 2701 608 2757 lidei
621 2700 735 2757 sanitate
749 2709 829 2769 atque
852 2697 1005 2753 sinceritate
1016 2697 1135 2751 veritatis
1147 2696 1275 2762 alienum,

481 2802 511 2848 ut
528 2792 647 2848 dicamus
666 2789 791 2861 parvulos
804 2797 924 2843 mortuos
947 2784 1094 2843 secundum
1108 2801 1140 2842 ea
1150 2784 1275 2857 judicari,

480 2899 541 2941 errae
565 2882 680 2954 presciti
700 2890 764 2938 sunt
783 2878 877 2936 laeteri
889 2891 949 2934 esse
962 2877 985 2934 si
999 2877 1128 2933 viverent.
1153 2876 1183 2932 ln
1206 2875 1277 2930 hanc

480 2984 570 3030 :nutem
580 2971 751 3037 senitentiam,
762 2986 841 3041 quam
852 2978 927 3025 certe
938 2967 1026 3024 omnis
1034 2981 1129 3023 seorsus
1140 2966 1274 3021 hunuanus

480 3061 724 3136 ‹prrantulaeumquc
749 3061 852 3116 ratione
865 3057 1004 3122 subtrinus,
1017 3056 1186 3127 maximeque
1199 3055 1274 3113 ebri-

422 3154 425 3159 '
483 3153 744 3222 selanusextmrret,
759 3151 800 3207 ire
820 3148 953 3220 compulsi
966 3156 1038 3216 sunt,
1060 3148 1105 3219 qui
1117 3149 1179 3203 sica
1198 3147 1276 3204 Pela·

480 3245 622 3315 giauorum
632 3257 724 3299 errore
737 3241 817 3297 alieni
830 3255 890 3296 esse
904 3239 1055 3307 voluerunt,
1070 3246 1099 3294 ut
1114 3247 1202 3294 tanuen
1212 3253 1275 3308 gra·

484 3335 548 3391 tiam
563 3334 609 3390 bei
623 3350 672 3406 per
698 3332 790 3390 lesem
814 3330 951 3388 Christum
976 3329 1116 3385 Dominum
1137 3337 1273 3396 nostrum,

482 3426 623 3497 rpuanobis
644 3440 697 3481 una
711 3436 771 3496 pest
781 3424 885 3494 lapsum
912 3421 989 3494 primi
1016 3422 1154 3490 bominis,
1178 3421 1205 3476 iu
1221 3435 1275 3492 spuo

482 3519 740 3583 omneseecidimns,
759 3516 926 3583 subvenitur,
950 3513 1097 3571 secuudum
1112 3514 1207 3570 merita
1222 3529 1274 3570 no-

482 3622 537 3666 stra
551 3611 607 3666 dari
627 3611 678 3666 sibi
692 3608 781 3665 adltue
801 3608 953 3663 existiment
976 3622 1037 3662 esse
1059 3604 1234 3673 credendum,
1248 3616 1277 3662 et

482 3704 661 3774 disputatione
683 3701 792 3773 insuper
813 3699 1012 3772 proterendum.
1026 3698 1102 3768 Quod
1125 3700 1182 3770 ipse
1197 3699 1276 3755 Pela·

481 3796 541 3866 gius
556 3802 618 3850 ante
639 3791 783 3848 orientales
797 3792 938 3863 episcopos
963 3789 1077 3862 judices,
1097 3789 1276 3847 damnationis

482 3899 539 3939 suae
552 3884 647 3939 timore
659 3881 804 3937 damnavit.
818 3881 875 3937 lloo
885 3889 977 3936 autent
988 3881 1011 3935 si
1033 3895 1088 3935 non
1109 3878 1223 3946 dicatur,
1240 3880 1275 3938 de

484 3985 649 4030 ritoreuorum
663 3974 766 4030 seilicet
785 3974 922 4044 operibus,
935 3988 995 4044 qum
1017 3972 1111 4028 tacturi
1133 3973 1239 4028 tuerent
1251 3974 1275 4029 si

484 4067 613 4134 niterent,
625 4065 754 4120 bonisaut
765 4065 854 4133 malis,
869 4079 901 4120 ae
914 4079 962 4134 per
985 4063 1038 4119 boc
1052 4064 1132 4121 nullis
1142 4075 1170 4121 et
1178 4065 1205 4120 ιιι
1216 4067 1274 4135 ipsa

483 4159 531 4213 ltei
547 4158 731 4229 praescientia¹
745 4173 797 4212 non
812 4155 929 4212 tuturis:
946 4155 998 4212 lroc
1010 4171 1075 4228 ergo
1096 4156 1119 4212 si
1132 4172 1184 4213 non
1199 4158 1275 4214 diea-

484 4260 536 4319 tur,
551 4249 621 4321 quod
633 4250 851 4321 cernitisquanto
864 4262 956 4304 ermre
977 4247 1081 4303 dicatur
1091 4262 1100 4314 ι
1112 4248 1178 4319 quid
1190 4257 1276 4304 resta·

485 4340 533 4405 bit,
549 4340 598 4398 nisi
613 4349 643 4396 ιιι
654 4339 766 4411 gratiam
778 4339 825 4395 bei
839 4354 892 4395 non
912 4338 1059 4396 secundum
1071 4339 1166 4395 merita
1181 4349 1272 4395 nostra

483 4432 552 4498 rlari,
563 4432 633 4502 quod
648 4441 743 4488 contra
765 4431 890 4488 baeresim
902 4431 1070 4501 Pelagiauam
1083 4431 1214 4487 eatlrolica
1227 4431 1275 4488 de·

484 4526 568 4582 tendit
576 4526 704 4590 Ecclesia,
713 4533 815 4580 remota
822 4524 999 4596 contentionis
1007 4522 1274 4594 ealiginelateamur;

484 4628 563 4689 atque
576 4616 602 4672 id
617 4616 732 4672 unanime
741 4616 768 4671 ιιι
782 4616 898 4686 parvulis
910 4614 1073 4672 evidentiore
1085 4615 1196 4672 veritate
1208 4630 1269 4671 cer·

485 4722 579 4763 inantus
592 4711 604 4762 ι
617 4707 709 4780 Neque
729 4707 801 4763 eninr
824 4705 877 4762 lato
891 4706 995 4777 cogitur
1008 4705 1078 4762 licus
1093 4706 1146 4760 illis
1166 4704 1277 4764 intanti-

485 4801 534 4854 bus
554 4798 709 4865 subvenire,
725 4799 779 4854 illis
792 4809 881 4854 autem
908 4813 961 4852 nou
991 4798 1151 4863 subvenire;
1165 4813 1227 4854 eum
1241 4801 1277 4855 sit

485 4892 605 4961 utrisque
617 4904 697 4946 cansa
719 4889 869 4945 communis
881 4908 889 4946 z
900 4899 946 4945 aut
965 4905 1008 4945 res
1022 4889 1153 4946 humanas
1175 4890 1202 4946 in
1216 4904 1276 4959 par·

485 4983 553 5037 vulis
576 4996 631 5036 non
645 4980 734 5036 diviua
757 4981 921 5051 providentia
933 5021 943 5046 ,
957 4981 1004 5036 sed
1018 4979 1136 5037 fortuitis
1149 4981 1191 5052 agi
1206 4981 1277 5037 cati·

484 5073 534 5127 bus
548 5070 728 5142 opinabimur,
742 5086 805 5127 euru
828 5071 973 5128 rationales
993 5072 1035 5127 vel
1050 5070 1209 5128 damnandae
1233 5072 1276 5128 vel

485 5164 627 5225 liberanda
644 5165 698 5221 sint
709 5164 805 5220 anunm
815 5179 824 5230 ς
834 5163 1048 5235 quandoquidem
1062 5178 1114 5220 nee
1127 5179 1219 5235 passer
1229 5180 1275 5220 ca·

481 5257 558 5313 ιιιιιιι
573 5266 671 5313 terram
690 5257 749 5314 sino
763 5257 899 5312 voluntate
909 5256 996 5312 Patris
1006 5258 1089 5313 nostri
1101 5258 1147 5328 quui
1162 5259 1188 5312 iu
1199 5259 1276 5314 eoelis

484 5347 550 5419 rest(
565 5345 658 5402 ιιιιιιι.
682 5364 710 5416 x,
728 5344 787 5419 29)
802 5365 810 5405 z
824 5356 872 5404 aut
891 5358 1032 5418 pareutum
1052 5349 1219 5420 negligentia
1236 5350 1275 5405 sie

484 5437 651 5495 tribuendum
665 5439 745 5508 est⁸,
759 5439 830 5510 quod
849 5439 952 5510 purvuli
966 5439 1025 5496 sine
1038 5441 1201 5510 baptismate
1215 5456 1275 5498 nto·

483 5531 598 5598 vientur,
614 5538 643 5585 ut
656 5530 720 5585 tribil
735 5531 772 5586 ibi
794 5539 874 5603 agant
887 5544 1002 5601 superna
1010 5530 1130 5601 judieia;
1146 5539 1275 5603 nuquam

484 5621 532 5690 ipsi
549 5621 653 5692 guiltoe
671 5619 751 5676 modo
765 5622 836 5679 ruale
850 5621 1012 5688 moriuntur,
1025 5633 1150 5693 parentes
1162 5625 1212 5681 sibi
1227 5642 1275 5683 ne-

483 5711 611 5784 gligentes
626 5713 761 5768 voluntate
786 5713 893 5784 propria
913 5712 946 5768 de
969 5714 1065 5784 quibus
1087 5729 1273 5786 nascerentur,

483 5804 610 5879 elegerint
622 5822 628 5859 ι
640 5804 704 5878 quid
719 5804 815 5872 dicam,
830 5804 900 5876 quod
913 5805 1038 5876 parvulus
1061 5807 1208 5880 aliquando
1223 5824 1273 5866 aa·

514 5980 521 6009 ¹
538 5978 575 6029 sle
582 5984 636 6030 atas.
648 5977 716 6036 editt,
732 5976 988 6042 tadetincltorissinti:
1004 5984 1104 6047 mulso,
1116 5982 1188 6036 enine.

512 6039 523 6069 ²
539 6047 604 6098 ter,
615 6040 751 6103 proea’rrtiu.
761 6041 905 6091 Enretnlutur
917 6056 949 6092 ex
961 6051 1014 6094 ttss.

514 6098 523 6130 ²
539 6108 628 6153 (tumes
638 6109 702 6163 uss,
716 6101 894 6154 retribuendum
905 6111 949 6155 eat.

1093 661 1122 718 S.
1142 657 1331 719 tuebsttrtt
1346 658 1492 716 urtstovt

2050 667 2121 725 ibid

1329 775 1481 845 tequamilli
1496 791 1544 846 per
1556 776 1732 834 urtinisterium
1745 779 1905 850 baptizantis
1921 783 2045 839 antecurri
2058 795 2121 853 pos-
2139 825 2144 833 .

1327 865 1380 930 sit,
1396 867 1534 937 exspirat?
1549 868 1709 941 Plerumque
1727 871 1798 925 cuim
1812 870 1998 928 festinantibus
2019 888 2117 945 paren·

1328 959 1433 1014 tibuset
1448 959 1545 1029 paratis
1558 960 1687 1016 ministris
1697 971 1725 1017 ut
1737 961 1888 1033 Baptismus
1901 966 2016 1034 parvulo
2028 964 2119 1034 detur,

1327 1051 1384 1106 Deo
1395 1065 1483 1109 tannen
1496 1055 1602 1110 nolente
1625 1070 1678 1110 non
1695 1055 1783 1118 datur,
1799 1056 1844 1126 qui
1867 1071 1927 1110 eum
1942 1055 2078 1124 paululrrrn
2092 1057 2120 1111 ιιι

1328 1143 1441 1200 bnevita
1465 1160 1517 1201 non
1540 1148 1625 1202 tenuit
1639 1160 1668 1203 ut
1692 1147 1810 1203 daretur.
1839 1148 1907 1216 Quid
1933 1148 2024 1215 etiann,
2047 1147 2121 1218 quud

1326 1238 1468 1308 nlirpraudo
1488 1240 1603 1308 parvulis
1623 1239 1767 1295 iulideliunr
1792 1239 1854 1295 liliis
1877 1241 1972 1310 potnit,
1992 1256 2026 1295 ne
2050 1241 2122 1295 irent

1328 1331 1354 1383 in
1368 1331 1554 1399 perditionem,
1576 1340 1603 1386 et
1618 1333 1679 1387 tuliis
1703 1332 1819 1388 tidelium
1844 1348 1898 1388 non
1918 1333 2004 1403 potuit
2028 1331 2124 1403 lbrpti-

1328 1431 1414 1477 smate
1427 1423 1585 1477 subveniri?
1600 1422 1649 1479 Ubi
1663 1434 1736 1479 certe
1748 1424 1898 1480 ostenditur
1907 1425 1977 1495 qued
1991 1439 2121 1495 persona-

1328 1527 1386 1566 rurn
1411 1512 1482 1582 apud
1505 1513 1590 1568 Deum
1609 1531 1662 1568 ιιιιιι
1689 1516 1724 1570 sit
1745 1516 1865 1587 acceptio
1880 1516 1979 1587 (ιιοιι.
1993 1531 2022 1582 ιι,
2039 1518 2070 1571 ιι
2088 1516 2120 1588 );

1327 1604 1444 1675 alioquin
1465 1605 1598 1661 culturum
1612 1621 1721 1663 suorum
1736 1608 1923 1679 potiusquam
1945 1607 2116 1663 inimicorum

1328 1695 1396 1749 lilius
1410 1695 1545 1750 liberaret.
2009 1757 2015 1770 ,

1361 1785 1475 1843 CAPUT
1494 1787 1562 1844 xttl.
1578 1818 1614 1830 -
1624 1789 1669 1846 52.
1683 1790 1742 1845 lam
1756 1807 1829 1857 sero,
1844 1793 1968 1861 gerentiam
1980 1791 2013 1847 de
2024 1791 2095 1847 dotto
2110 1793 2119 1825 ¹

1327 1879 1533 1946 perseverantie
1555 1881 1752 1950 nuncagiutus,
1766 1881 1885 1952 quidest
1903 1881 1973 1952 quud
1989 1882 2121 1937 rrroritnro

1327 1984 1380 2023 non
1395 1969 1527 2041 baptizato
1540 1971 1713 2039 subvenitur,
1725 1988 1758 2027 ne
1772 1973 1830 2029 sino
1842 1973 2006 2042 baptismate
2019 1973 2122 2028 nroriu³

1328 2069 1385 2124 tur;
1403 2061 1572 2131 etbaptizato
1582 2076 1677 2117 casuro
1688 2076 1740 2117 nou
1757 2062 1923 2131 subvenitur,
1937 2072 1967 2117 ut
1984 2073 2047 2117 aitte
2060 2079 2119 2118 rne-

1327 2150 1431 2204 riatur?
1444 2150 1499 2205 llisi
1509 2150 1576 2205 torte
1589 2151 1625 2205 illi
1634 2151 1721 2207 adlrne
1731 2152 1888 2208 absurditati
1898 2153 2120 2221 auscultabimus,

1327 2257 1379 2310 erra
1392 2241 1489 2296 dicitnr
1509 2242 1576 2297 nibil
1597 2242 1724 2313 prodesse
1746 2244 1870 2315 cuiquam
1890 2245 1958 2299 nturi
1977 2253 2121 2314 antequam

1326 2334 1422 2400 eadat,
1443 2333 1505 2402 qrria
1527 2335 1673 2390 secundum
1696 2351 1743 2391 eos
1768 2348 1844 2393 actus
1864 2336 2037 2407 judicabitur,
2052 2351 2122 2406 quos

1327 2439 1387 2478 euru
1402 2424 1533 2493 irrascirit
1548 2424 1619 2480 bens
1640 2436 1762 2481 acturum
1780 2426 1863 2482 luisse
1884 2428 1907 2482 si
1921 2427 2034 2482 viveret.
2046 2426 2122 2481 llanc

1327 2514 1527 2582 pertersitatem
1554 2515 1659 2570 sanitati
1687 2514 1749 2571 [idei
1762 2525 1816 2573 mm
1832 2519 2007 2574 velrerneuter
2020 2519 2118 2575 adver·

1326 2620 1394 2671 sam,
1409 2606 1468 2675 quis
1479 2606 1612 2678 patienter
1621 2606 1729 2663 audiant
1741 2609 1800 2678 quis
1815 2608 1903 2665 ierat?
1916 2611 1949 2664 er
1960 2619 2050 2666 tannen
2062 2610 2115 2666 hoe

1327 2694 1416 2750 dicere
1432 2706 1566 2767 urgentur,
1592 2697 1638 2767 qrri
1665 2713 1719 2752 nou
1743 2699 1980 2772 latenturgratiam
1994 2699 2040 2755 bet
2065 2717 2119 2755 ιιιιιι

1327 2788 1474 2843 seeundum
1485 2794 1580 2845 merita
1595 2800 1685 2845 rtosua
1700 2789 1769 2845 dari.
1782 2789 1833 2858 Qui
1856 2801 1945 2846 autem
1967 2792 2062 2847 nolunt
2083 2792 2120 2846 di·

1327 2892 1388 2933 cere
1403 2893 1618 2951 unumquemque
1642 2890 1811 2936 mortuorum
1835 2880 1982 2937 secuudum
1995 2898 2026 2938 ea
2043 2884 2117 2954 iudi·

1327 2967 1393 3034 cari,
1407 2984 1467 3037 quac
1484 2968 1556 3023 Deus
1568 2969 1643 3024 illum
1654 2969 1787 3039 prescivit
1809 2978 1927 3025 acturum
1942 2969 2024 3027 luisse
2037 2973 2060 3027 si
2074 2973 2116 3028 vi·

1328 3068 1411 3123 veret,
1422 3058 1554 3115 intuentes
1568 3075 1648 3129 quam
1669 3057 1809 3115 nrauilesta
1834 3059 1948 3117 lalsitate
1971 3072 1999 3117 ct
2013 3073 2112 3137 quanta

1327 3146 1492 3204 absurditate
1518 3149 1640 3217 dicatur;
1656 3145 1709 3207 noo
1730 3151 1771 3206 eis
1794 3160 1915 3206 remanet
1941 3167 1989 3208 eur
2013 3153 2116 3222 dicant,

1328 3239 1398 3310 rprred
1415 3241 1441 3295 iu
1456 3241 1604 3312 Pelagiauis
1616 3242 1763 3309 damnavit,
1778 3251 1807 3298 et
1828 3242 1933 3314 abipso
1949 3243 2057 3316 Pelagio
2075 3247 2120 3302 da·

1327 3332 1413 3386 mnari
1425 3330 1489 3388 lecit
1509 3333 1640 3399 Ecclesia,
1661 3334 1772 3404 gratiam
1787 3334 1834 3390 Dei
1860 3335 2006 3391 secundum
2025 3339 2118 3396 merita

1328 3434 1419 3481 nostra
1432 3426 1508 3482 dari:
1523 3440 1584 3482 cum
1607 3425 1714 3482 rideant
1737 3426 1805 3482 alios
1815 3429 1940 3498 parvulos
1964 3445 2018 3486 ιιοιι
2040 3446 2120 3502 rege·

1327 3526 1434 3573 neratos
1446 3516 1479 3572 ad
1493 3526 1621 3573 aeteroaru
1636 3527 1762 3586 mortem,
1774 3518 1842 3575 alies
1856 3523 1946 3575 autern
1958 3536 2117 3592 ‘regenera-

1327 3619 1368 3665 tos
1381 3609 1415 3665 ad
1439 3618 1568 3665 emmam
1592 3610 1673 3665 vitam
1688 3611 1746 3664 tolli
1762 3610 1798 3667 dc
1822 3611 1872 3666 lnac
1896 3613 1973 3679 vita3
1994 3614 2120 3686 ipsosque

1326 3710 1508 3773 regeneratos,
1519 3701 1585 3756 alios
1604 3709 1807 3772 perseverantes
1820 3716 1903 3772 usque
1916 3704 1941 3758 in
1955 3705 2035 3760 tlnern
2055 3707 2118 3763 binc

1325 3791 1375 3858 ire,
1390 3790 1457 3846 alius
1483 3805 1621 3861 quousque
1646 3791 1769 3847 decidant
1791 3793 1835 3847 trie
1856 3793 1950 3862 teneri,
1963 3794 2007 3864 grui
2029 3797 2121 3867 utique

1326 3897 1379 3937 nou
1403 3881 1574 3947 decidissent,
1591 3883 1614 3938 si
1635 3893 1778 3954 antequam
1800 3884 1953 3940 laberentur
1971 3886 2120 3944 ltinceais-

1326 3984 1400 4040 sent;
1416 3983 1444 4030 et
1457 3989 1549 4030 rursus
1559 3975 1688 4045 quosdam
1700 3976 2052 4048 lapsosquousqueredeant
2065 3997 2119 4036 nou

1326 4065 1401 4122 exire
1413 4065 1448 4122 de
1459 4064 1510 4120 bac
1526 4066 1591 4134 vita,
1605 4066 1650 4138 qui
1675 4067 1766 4138 utique
1786 4068 1913 4138 perirent,
1935 4069 1958 4124 si
1975 4079 2119 4141 antequam

1326 4155 1455 4221 redirent,
1470 4155 1585 4212 exireat.

1362 4244 1408 4300 35.
1423 4243 1499 4300 llnde
1511 4245 1576 4300 satis
1595 4245 1711 4301 dilucide
1734 4247 1893 4314 ostenditur,
1916 4258 1944 4304 et
1965 4251 2119 4317 inchoandi,

1327 4346 1354 4392 et
1369 4352 1451 4407 usque
1466 4336 1492 4391 in
1505 4336 1585 4391 tinem
1609 4337 1797 4407 perseverandi
1820 4341 1932 4408 gratiam
1946 4341 1994 4397 bei
2009 4358 2061 4397 uon
2074 4359 2118 4398 se-

1326 4427 1442 4482 eundum
1469 4428 1563 4483 merita
1587 4439 1679 4484 nostra
1710 4429 1790 4496 dari;
1813 4431 1860 4486 sed
1891 4431 1948 4488 dari
1972 4434 2119 4490 seeundum

1327 4517 1412 4588 ipsius
1434 4519 1661 4586 secretissimam,
1684 4521 1860 4592 eanmeurque
1880 4523 2066 4593 justissimam,
2081 4543 2121 4581 sa·

1326 4608 1530 4685 pierrtissiruam,
1550 4609 1819 4667 bernetuemtsstmam
1844 4615 2005 4671 voluntatem
2026 4633 2120 4687 :quu-

1328 4700 1398 4753 niorn
1411 4715 1479 4770 rpuos
1500 4700 1708 4771 praedestinavit,
1729 4703 1802 4774 ipsos
1815 4717 1842 4761 et
1864 4708 1968 4762 vucavit
1981 4708 1990 4777 ι
2001 4706 2046 4761 ιιι.
2059 4723 2118 4776 vrri,

1327 4790 1362 4847 30
1375 4791 1385 4863 )
1397 4792 1535 4848 vocatione
1549 4793 1593 4848 itta
1608 4793 1642 4850 de
1653 4811 1704 4865 qua
1714 4795 1813 4852 dictum
1825 4808 1876 4861 est,
1891 4798 1953 4853 Sine
1971 4801 2119 4870 pernitentiis

1327 4893 1385 4936 sum
1400 4882 1467 4938 done
1481 4892 1505 4937 et
1522 4885 1619 4939 occatio
1634 4883 1704 4960 Dei(
1717 4884 1760 4942 id.
1782 4902 1822 4954 xv,
1836 4888 1872 4944 ιιι
1882 4888 1902 4960 t.
1927 4890 1968 4946 dd
1986 4907 2121 4961 quarnvu·

1327 4977 1458 5031 cntionem
1468 4977 1600 5046 pertinere
1613 4979 1702 5036 nullus
1711 4988 1752 5036 est
1764 4979 1844 5037 bonm
1855 4982 1888 5037 ab
1898 4981 2051 5039 horninibus
2061 4999 2122 5039 cers

1328 5076 1353 5121 ta
1376 5068 1574 5125 asseveratione
1596 5068 1736 5135 dicendus,
1756 5071 1807 5127 nisi
1831 5087 1892 5128 curn
1905 5072 1939 5129 de
1957 5073 2009 5128 lroe
2021 5076 2121 5132 saeclo

1327 5159 1422 5214 exierit
1435 5175 1442 5212 ι
1457 5158 1484 5214 in
1511 5160 1561 5215 bae
1572 5169 1662 5216 autem
1680 5163 1733 5217 vita
1755 5161 1943 5234 humanaque
1956 5166 2066 5220 tentatio
2079 5180 2121 5223 est

1326 5257 1518 5318 superterram
1533 5248 1604 5323 (iob
1623 5268 1673 5319 vn,
1688 5253 1701 5308 l
1716 5249 1738 5324 ),
1748 5254 1802 5335 aui
1812 5254 1916 5310 ridetur
1929 5263 2011 5319 stare,
2034 5257 2123 5312 videat

1327 5356 1361 5396 ne
1372 5339 1449 5396 cadat
1461 5340 1470 5414 (
1484 5341 1493 5396 l
1509 5340 1567 5398 Cor.
1583 5359 1610 5411 x,
1630 5343 1661 5399 ta
1674 5343 1692 5415 l.
1713 5344 1775 5400 ldco
1787 5346 1885 5418 quippe
1898 5345 1908 5418 ι
1923 5347 1994 5402 sieut
2004 5347 2059 5418 jam
2074 5365 2122 5405 su·

1327 5447 1373 5501 pru
1385 5430 1501 5488 diximus
1511 5432 1586 5506 [Cep.
1598 5434 1631 5500 8,
1646 5452 1674 5492 ιι.
1690 5432 1747 5508 llll)
1757 5450 1810 5491 non
1821 5440 2016 5505 perseveraturi
2030 5454 2122 5508 perse·

1326 5525 1456 5580 vereturis
1476 5526 1705 5596 providentissima
1734 5526 1781 5584 Dei
1810 5529 1946 5586 voluntate
1965 5531 2121 5600 miscentur,

1327 5623 1355 5667 ut
1368 5613 1575 5672 essediscamus
1593 5632 1646 5672 non
1665 5618 1718 5674 alta
1732 5618 1878 5689 sapientes,
1903 5620 1951 5678 sed
1976 5621 2123 5678 lrumilibus

1326 5706 1525 5763 consentientes
1539 5706 1550 5780 (
1564 5707 1639 5762 Rene.
1656 5724 1705 5777 xn,
1718 5710 1751 5765 lli
1767 5708 1789 5782 ),
1803 5719 1900 5769 etcum
1921 5711 2016 5767 timere
2026 5721 2055 5766 et
2069 5726 2123 5768 tre·

1326 5815 1400 5854 inore
1415 5810 1534 5857 nestram
1549 5799 1667 5868 ipsorum
1690 5800 1804 5859 salutem
1819 5819 1962 5874 operemur
1975 5820 1983 5858 ι
1996 5803 2066 5858 lterrs
2080 5815 2123 5860 est

1327 5888 1397 5950 meunt
1407 5890 1454 5961 qni
1471 5899 1597 5961 operatur
1621 5891 1648 5947 ιιι
1668 5892 1744 5951 nobis
1757 5906 1785 5952 et
1799 5895 1869 5954 velle
1883 5903 1911 5951 et
1934 5895 2050 5965 operari,
2073 5911 2121 5967 pro

1359 6109 1719 6175 ·amrr.etuse,ueoorro
