4900 6892
448 680 516 735 1090

451 793 460 821 ι
479 787 531 826 trun
546 767 721 837 intelligentes
735 774 860 835 qrrarrtoru
877 763 918 816 iris
932 760 1090 815 contulerint
1104 760 1228 826 lionoris,

451 879 460 910 ι
477 873 589 930 qnorum
602 855 775 910 ostenderunt
787 853 898 923 gloriam
910 851 959 904 nisi
973 866 1033 903 cum
1045 850 1173 905 catlrolira
1187 865 1231 903 rc·

449 971 457 1004 ι
476 947 574 1020 ligiune
587 962 639 1000 ooo
658 944 776 1013 potuisse
795 940 918 997 conuelli.
938 940 1004 995 uon
1018 939 1039 994 si
1061 939 1178 1008 quisunt
1199 937 1231 992 li-

447 1037 566 1092 eberum
589 1035 615 1089 io
645 1033 796 1086 hominibus
819 1030 975 1090 arbitrium,
997 1035 1044 1082 aot
1070 1029 1151 1082 Derim
1174 1042 1234 1081 esse

445 1149 455 1181 ι
475 1126 637 1182 oaseeotiom
652 1124 816 1178 conditorem
829 1122 943 1185 dixerit,
958 1121 1135 1177 coelestianus
1149 1130 1176 1175 et
1190 1120 1236 1174 Pe·

445 1238 454 1268 ι
473 1216 593 1286 lagiaous
606 1223 724 1268 coartor.
737 1211 776 1267 Ne
787 1213 866 1282 igitur
877 1219 1004 1266 vocentur
1015 1210 1132 1264 baeretici
1145 1251 1152 1275 ,
1169 1209 1233 1266 brim

445 1329 454 1361 ι
475 1307 629 1365 ueniebat:
645 1315 671 1360 ct
684 1305 746 1360 duur
760 1305 851 1358 belsam
865 1312 990 1359 verentur
1004 1302 1138 1357 infamium
1155 1302 1175 1367 ¹,
1190 1318 1235 1356 ue·

445 1418 453 1451 ι
473 1415 532 1454 rum
544 1398 644 1453 crimen
655 1398 809 1451 incorrnot:
822 1397 904 1450 instar
914 1393 1041 1460 serarum,
1053 1410 1112 1464 que
1123 1395 1236 1447 circom-

445 1510 454 1541 ι
473 1490 572 1545 dautur
586 1486 691 1559 pionis,
708 1496 737 1542 ιιι
758 1497 886 1558 cogantur
899 1487 924 1541 iu
945 1487 1028 1549 retia;
1052 1486 1148 1556 qtribus
1167 1501 1235 1556 qrro-

445 1596 455 1630 ι
477 1581 546 1635 niam
559 1578 635 1634 deest
648 1579 714 1632 ratio
725 1620 731 1639 ,
744 1577 770 1631 iu
783 1593 874 1632 verum
888 1577 999 1655 esitium
1012 1591 1078 1630 varra
1094 1573 1236 1630 tormidine

446 1688 454 1721 ι
472 1670 679 1727 eorrtrudnoturr
697 1668 746 1742 (De
760 1666 862 1738 Nuptiis
876 1677 897 1720 et
910 1665 1132 1737 Concupiscentia,
1150 1665 1194 1719 tib.
1207 1664 1235 1730 2,

445 1762 495 1816 nrt.'
505 1762 531 1825 o,
546 1761 586 1833 'li
597 1760 735 1830 cognosco
746 1760 814 1814 dicta
826 1775 894 1818 mea.
910 1756 956 1811 scd
970 1773 1048 1812 noua
1064 1766 1089 1810 te
1099 1771 1158 1810 curm
1168 1756 1236 1810 intc-

444 1852 539 1923 gritate
551 1848 651 1920 prolata
663 1869 671 1906 τ
685 1860 711 1905 et
725 1851 784 1905 lieet
798 1864 849 1905 nou
864 1848 889 1901 io
900 1846 942 1902 luis
952 1847 1122 1903 certaminis¹
1134 1861 1236 1901 summa

445 1946 593 2010 consistat,
617 1944 678 2014 quia
700 1943 733 1997 de
747 1942 901 2011 prolatione
911 1949 987 2006 strot3
1002 1950 1089 1994 murco
1103 1948 1131 1993 ot
1145 1939 1238 1992 leuitas

446 2044 489 2087 tua
514 2031 628 2102 liqueat,
652 2031 733 2086 irater
754 2031 922 2094 beatissime,
946 2030 972 2085 iu
990 2045 1022 2084 eo
1042 2030 1103 2084 loco
1124 2027 1238 2099 positum

446 2137 500 2177 rron
515 2133 573 2186 est,
588 2121 634 2178 sed
649 2122 675 2176 in
698 2124 783 2193 priroo
798 2124 884 2176 statim
899 2137 976 2175 verso
992 2120 1062 2174 libri.
1077 2120 1141 2174 item
1156 2119 1237 2174 'cum

445 2215 590 2280 siluissem,
621 2233 631 2265 ι
661 2213 693 2268 ad
724 2214 860 2268 luminum
885 2229 995 2284 qrrorum
1021 2213 1118 2267 sanetis
1144 2210 1239 2265 studiis

449 2322 458 2354 ι
478 2315 600 2368 uruntur,
614 2304 790 2358 contumelias
804 2314 831 2358 et
855 2304 982 2366 exitium;
1001 2320 1011 2353 r
1026 2302 1129 2366 addidi,
1147 2320 1155 2350 ι
1169 2317 1238 2371 quo-

450 2411 460 2446 ι
480 2397 550 2447 urtam
565 2392 617 2447 iter
632 2393 703 2448 aliud
719 2409 772 2447 ooo
792 2391 899 2462 patebat
911 2432 919 2457 ,
931 2391 1107 2447 decreuerunt
1121 2406 1168 2458 per
1182 2389 1238 2443 rui-

448 2501 459 2536 ι
477 2500 538 2539 nam
559 2484 641 2538 totius
655 2484 781 2538 Ecclesiae
802 2484 952 2552 peruenire.
973 2501 983 2531 ι
1000 2482 1062 2536 Post
1075 2481 1145 2551 orrod
1158 2481 1238 2554 ctiam

445 2572 518 2640 dixi,
532 2592 542 2627 t
559 2575 620 2646 qrria
631 2573 706 2627 liberi
720 2571 858 2626 eoulessor
868 2572 968 2626 arbitrii
982 2580 1009 2625 et
1020 2571 1065 2626 Dei
1079 2570 1236 2637 conditoris,

448 2682 459 2717 ι
473 2665 650 2721 coelestianos
663 2672 691 2719 et
704 2663 863 2734 Pelagianos
878 2672 997 2726 vocator,
1009 2677 1063 2731 quo
1074 2662 1236 2733 simplices·

446 2756 553 2826 iugulo,
570 2773 580 2808 ι
598 2770 723 2810 sermone
739 2753 750 2786 ⁸
765 2754 910 2824 perterriti,
923 2763 952 2808 ut
965 2754 1000 2809 ab
1013 2754 1109 2808 ioridia
1124 2753 1239 2808 nominis

449 2864 460 2899 ι
477 2855 620 2913 exurantur,
642 2845 722 2900 etiarn
737 2859 831 2899 sanam
852 2844 930 2899 lldem
951 2843 1093 2908 deseruut;
1110 2843 1238 2917 credituri

448 2955 459 2990 ι
476 2936 566 3008 procul
585 2934 684 3000 dubio,
697 2949 747 2990 nec
760 2933 874 2989 liberum
887 2947 947 2989 esse
961 2933 988 2987 io
1001 2932 1154 2988 hominibus
1166 2932 1238 2987 arbi·

448 3045 459 3078 ι
478 3026 575 3089 trium,
589 3038 638 3082 nee
652 3024 735 3078 ileum
750 3022 915 3078 nascentium
932 3021 1116 3086 conditorem,
1130 3022 1238 3092 quarrdo

449 3135 460 3168 ι
478 3115 541 3172 illud
555 3114 626 3186 quod
639 3115 713 3185 prius
725 3108 940 3177 affirmaverant,
955 3122 1096 3182 utrumque
1110 3112 1238 3178 deserue-

449 3227 459 3261 ι
476 3208 540 3264 rint.
559 3225 569 3261 ι
592 3206 649 3262 iloe
672 3213 761 3260 autern
777 3213 861 3259 totum
882 3219 898 3258 a
923 3213 948 3257 te
963 3204 1170 3274 pretermissum
1185 3212 1236 3258 est.

446 3301 509 3357 Post
522 3298 591 3371 quod
605 3308 668 3352 sunt
681 3297 725 3351 illa
740 3311 800 3366 qua
813 3296 937 3365 posuisti.
952 3310 1030 3384 orrarp
1046 3310 1110 3350 saue
1122 3311 1195 3361 uera,
1211 3303 1238 3350 et

447 3405 526 3461 ouant
542 3387 771 3457 inexpugnabilia,
787 3384 859 3439 ltaod
876 3384 989 3439 diltleilis
1007 3384 1057 3439 erit
1069 3400 1149 3453 opera
1164 3400 1239 3440 com-

445 3481 560 3552 probare
570 3480 592 3532 ⁸.
611 3478 667 3534 Nee
679 3493 729 3549 ego
744 3477 823 3546 igitur
835 3477 980 3547 quidquam
991 3476 1024 3530 de
1038 3477 1089 3531 tois
1103 3476 1181 3533 dictis
1192 3476 1239 3530 mi-

446 3588 513 3639 nus,
524 3587 574 3626 nee
585 3581 613 3625 tu
625 3569 668 3624 rel
679 3568 793 3638 primurn
804 3574 901 3636 eaput,
915 3566 951 3620 ita
966 3575 996 3620 ut
1007 3582 1022 3619 a
1035 3582 1078 3620 roe
1088 3566 1238 3621 ordinatum

445 3661 547 3727 lauerat,
561 3660 684 3716 retulisti.
697 3657 775 3725 Quod
789 3657 850 3712 ideo
861 3657 983 3722 inculco,
999 3666 1024 3709 nt
1038 3657 1152 3727 gravitas
1163 3657 1238 3711 Preoi

446 3753 584 3821 scriptoris
594 3750 718 3806 emineat.

484 3843 552 3896 Auo.
566 3840 615 3906 Qui
631 3839 665 3893 de
676 3839 751 3892 libris
765 3838 831 3898 tuis,
848 3852 907 3906 que
930 3836 1014 3890 volarit
1032 3835 1174 3906 decerpta,
1195 3835 1238 3890 cui

447 3931 534 3988 uoluit
545 3928 657 3998 legenda
672 3926 829 3990 transmisit,
845 3927 901 3996 ipse
913 3926 984 3994 «ruod
1000 3925 1063 3979 milti
1077 3925 1190 3994 imputas
1201 3924 1240 3977 le-

448 4020 485 4076 cit
498 4037 505 4072 :
519 4034 568 4075 nec
579 4017 649 4072 atiud
661 4017 742 4072 etiarn
754 4026 780 4071 te
791 4016 875 4084 ipsum
886 4016 1008 4085 existimo
1018 4013 1137 4069 credere.
1148 4013 1240 4084 Neque

449 4110 521 4167 anim
535 4110 562 4163 io
575 4108 670 4162 eodem
683 4107 750 4161 libro
764 4121 824 4159 meo
838 4146 845 4172 ,
861 4115 954 4159 contra
965 4120 1042 4174 quem
1056 4105 1067 4136 ⁶
1080 4105 1171 4168 latras,
1186 4121 1239 4159 ooo

450 4214 509 4256 eum
532 4197 703 4267 prelocutus,
727 4195 770 4249 cui
785 4195 834 4248 sior
848 4193 976 4250 chartulae
993 4194 1153 4272 respondere
1166 4209 1240 4248 com-

451 4289 544 4359 pulsus
561 4304 567 4340 :
581 4283 737 4354 sedoneris
750 4283 925 4339 conviciando
944 4279 1006 4353 quiid
1021 4282 1106 4351 dicas,
1121 4283 1240 4336 sentiens

451 4389 478 4433 te
490 4377 554 4432 nibil
568 4375 684 4430 validum
699 4374 791 4429 dicere
806 4372 974 4444 disputando.
994 4372 1149 4442 erarrqoum
1162 4380 1189 4426 et
1213 4373 1240 4426 io

453 4468 496 4522 ltis
511 4468 578 4521 meis
591 4465 698 4530 uerbis,
713 4480 773 4534 guae
783 4478 846 4517 mox
862 4464 908 4517 tibi
921 4464 998 4532 quasi
1012 4462 1155 4517 refellenda
1177 4477 1240 4531 pro·

450 4557 537 4628 porris,
551 4555 577 4610 id
590 4555 659 4626 quod
672 4554 733 4608 dieo
746 4553 886 4608 advertere
901 4552 1028 4620 potuisti:
1045 4566 1098 4604 oon
1113 4552 1184 4604 enim
1198 4551 1241 4605 di-

449 4663 552 4710 eerero,
570 4663 580 4695 ι
594 4644 652 4698 Νοιι
670 4651 711 4697 est
730 4642 765 4695 ita
787 4650 815 4694 ut
828 4640 955 4709 loqtreris,
969 4640 1128 4710 quietumque
1141 4642 1190 4694 ista
1200 4639 1242 4694 di·

454 4758 465 4793 ι
482 4739 560 4801 xisti3
578 4755 588 4789 ι
603 4735 626 4788 si
641 4743 729 4787 certus
739 4745 825 4785 esseut
842 4739 867 4784 te
880 4730 923 4782 itta
934 4729 1042 4792 dixisse,
1058 4744 1113 4783 nou
1124 4745 1183 4784 euru
1195 4731 1240 4800 qui

451 4829 555 4897 qualern
569 4825 660 4889 voluit,
672 4833 699 4877 et
722 4821 763 4875 eui
776 4820 859 4874 rolrrit
881 4819 1037 4889 scripturam
1059 4821 1141 4885 misit,
1161 4837 1240 4890 uuam

451 4916 517 4971 mitri
537 4915 644 4969 missam
658 4911 774 4966 relutare
786 4923 966 4977 susceperam.
977 4904 1040 4964 ‘Sed
1064 4910 1118 4964 Deo
1131 4912 1240 4980 gratias,

452 5005 522 5076 quood
537 5005 661 5058 universo
672 5002 722 5070 ipsi
737 5000 811 5070 operi
835 5010 891 5060 tuo,
906 4999 976 5053 trude
997 5015 1055 5069 gua
1066 5001 1159 5064 voluit,
1173 5003 1242 5057 sicut

457 5095 482 5148 ei
495 5094 603 5163 placuit,
619 5092 668 5144 istc
680 5088 824 5157 decerpsit,
851 5087 885 5141 ita
902 5088 1016 5143 oomtoo
1029 5089 1170 5160 adjtrvonte
1183 5108 1241 5146 res·

452 5183 545 5249 poodt,
557 5192 586 5235 ot
595 5182 682 5233 oorrtia
694 5189 748 5241 toa,
759 5195 819 5248 qrrro
829 5187 920 5232 contra
931 5179 1140 5247 antiquissimam
1151 5181 1243 5235 eubo-

453 5274 532 5329 lieam
545 5272 624 5326 lidern
634 5285 719 5325 nouus
730 5270 870 5323 ltarretieus
881 5282 1015 5334 erexeras,
1029 5270 1241 5328 oraclrioaoreuta

453 5365 644 5417 subverterem.

491 5454 608 5510 tutati.
627 5454 686 5508 lut.
706 5451 804 5507 Corum
828 5448 962 5519 ltucergo
983 5450 1063 5504 reela
1087 5466 1161 5516 ntea,
1183 5468 1243 5522 artae

487 5606 495 5636 ¹
508 5605 545 5655 sic
554 5610 606 5655 tta.
619 5603 687 5657 t'diti.
698 5607 720 5652 et
732 5600 791 5652 dam
800 5601 887 5665 salsam
897 5600 1023 5664 ursoniam
1034 5602 1115 5655 sumt.

486 5667 541 5714 ‘sie
562 5672 615 5713 ttss.
628 5663 685 5712 ratiti
699 5677 766 5719 uero,
778 5662 954 5713 certaminibus.

487 5728 499 5760 ⁸
510 5726 578 5784 ratiti,
586 5725 675 5787 itaque.
688 5723 772 5772 llelius
783 5731 847 5781 obss,
856 5723 920 5773 dem.

486 5790 559 5835 ⁸uss.
574 5796 629 5841 uar,
641 5793 720 5842 tort..
737 5798 783 5846 auo
793 5783 912 5844 amatura
930 5783 1012 5849 irritum
1022 5799 1139 5841 arnone.

487 5849 647 5910 ⁸signierius
669 5854 695 5894 et
713 5855 784 5895 vetus
804 5845 882 5895 eotlex
904 5851 970 5899 tter..
993 5846 1059 5897 lrartd
1081 5847 1178 5912 difficile
1198 5849 1245 5900 ert

457 5921 528 5969 opere
548 5906 711 5969 comprobare.
735 5912 804 5956 rorte
823 5919 880 5968 pro,
892 5906 957 5958 tnout
974 5906 1078 5973 difficilis
1100 5907 1146 5960 erit
1164 5922 1244 5974 operte

458 5969 654 6090 ‘oiliiritiieiriita
671 6041 734 6095 aare.
745 6033 809 6091 llas,
823 6040 902 6093 quens

800 673 921 728 oesots
942 670 1146 725 liiPElin'CTl
1164 670 1301 726 costus
1319 671 1500 739 tuttstttttt,
1521 674 1551 730 S.
1573 675 1756 733 accusauit

2008 681 2079 737 ttoo

1287 761 1457 833 rescripseris
1469 764 1606 822 audiamus
1619 783 1626 820 :
1638 783 1648 818 ι
1666 766 1723 822 Non
1737 778 1778 821 est
1789 767 1823 820 ita
1837 775 1865 820 ot
1878 768 2005 837 ingereris,
2016 772 2077 840 qui·

1288 869 1298 901 ι
1317 867 1429 922 eramque
1440 854 1488 908 ista
1497 854 1599 921 dixisti;
1613 872 1665 918 ooo
1677 869 1717 913 est
1729 859 1764 912 ita
1775 875 1782 913 :
1793 858 1906 914 multum
1917 860 2025 926 latiaris,
2036 862 2077 918 sel

1290 959 1299 1001 ι
1316 941 1407 997 bullare
1422 942 1576 1000 meditaris:
1590 962 1642 999 ooo
1655 946 1766 1003 liberum
1782 964 1908 1016 negamus
1918 950 2077 1014 arbitrium

1290 1051 1299 1083 ι
1315 1032 1378 1097 sed,
1395 1032 1425 1087 Si
1434 1049 1476 1089 eor
1491 1033 1573 1094 Filius
1586 1036 1724 1092 liberaverit
1736 1041 1796 1105 ,uait
1809 1039 1930 1103 Veritas,
1945 1054 2005 1095 turre
2022 1057 2079 1095 rere

1289 1139 1299 1171 ι
1318 1122 1489 1177 liberieritier
1507 1123 1727 1196 (aaronitas).
1746 1148 1756 1180 ι
1776 1129 2078 1185 lluucunsioridetisli·

1290 1230 1299 1262 ι
1321 1211 1477 1271 beratorem.
1490 1216 1586 1283 quibus
1600 1219 1710 1286 captiuis
1722 1234 1815 1271 sarram
1828 1220 1956 1273 triltuistis
1970 1220 2079 1274 liberta·

1293 1319 1302 1350 ι
1322 1310 1384 1354 tem.
1399 1302 1419 1354 A
1440 1319 1488 1371 utto
1501 1305 1567 1357 euim
1582 1306 1636 1375 qrtt'a
1650 1306 1819 1374 aestuosa,
1839 1310 1906 1363 sicul
1931 1310 1992 1364 dicit
2006 1309 2079 1364 Sori-

1290 1409 1300 1441 r
1320 1401 1409 1462 puna,
1425 1394 1483 1448 buia
1497 1405 1521 1448 et
1534 1413 1619 1451 seruos
1631 1398 1746 1454 odoieno
1758 1411 1794 1455 ert
1813 1419 1822 1452 ι
1841 1400 1872 1469 (tt
1889 1401 1957 1456 Petr.
1975 1419 2002 1469 n,
2018 1402 2078 1470 top

1291 1499 1300 1531 ι
1318 1483 1515 1553 necquisquam
1536 1485 1584 1540 oisi
1604 1494 1772 1556 pergratiam
1787 1490 1948 1553 liberatoris
1960 1494 2012 1548 isto
2024 1494 2079 1549 sot-

1291 1589 1301 1624 ι
1320 1574 1388 1627 vitun
1400 1571 1506 1628 rirrculo
1520 1577 1655 1631 seruitutis
1665 1620 1677 1650 a
1690 1594 1705 1632 a
1721 1596 1773 1649 ooo
1786 1591 1827 1637 est
1841 1581 1977 1638 luoruiuruu
1991 1584 2079 1649 rutilius

1291 1678 1301 1713 ι
1320 1660 1453 1717 itutuuuis.
1471 1662 1522 1718 Per
1540 1681 1618 1719 urrrtm
1637 1653 1734 1738 quippe
1748 1669 1872 1724 lrotttioeru
1888 1683 2017 1738 peccaturo
2038 1674 2079 1737 iu·

1291 1769 1301 1801 ι
1320 1748 1393 1804 travit
1405 1752 1431 1805 in
1451 1754 1588 1821 ntrtrrdum,
1604 1766 1627 1809 et
1649 1774 1694 1833 per
1716 1770 1844 1827 peccaturo,
1864 1775 1948 1823 rttor·s,·
1967 1771 1989 1813 et
2005 1762 2041 1814 ita
2054 1764 2080 1815 iu

1292 1860 1302 1892 ι
1318 1859 1402 1896 amarer
1415 1843 1525 1898 beodries
1539 1847 1692 1916 pertransiit,
1704 1849 1730 1901 in
1739 1865 1787 1918 guo
1800 1866 1885 1903 orrtnes
1898 1861 2078 1919 peccauerunt»

1290 1932 1348 2000 (De
1361 1931 1465 2004 Nuptiis
1478 1945 1502 1989 et
1522 1934 1737 2008 Cotrcupisceutr‘o,
1754 1938 1834 2004 libi,
1853 1958 1879 1992 n.
1895 1943 1935 2004 8).
1961 1942 2077 2011 Amplis-

1289 2022 1383 2076 simam
1404 2038 1464 2077 esse
1477 2026 1560 2079 nostri
1574 2028 1671 2095 rrcgotii
1693 2026 1863 2098 dignitatem,
1878 2040 1906 2084 ut
1921 2030 1975 2099 ipsa
1991 2048 2080 2088 rerum

1289 2111 1469 2168 consideratio
1490 2125 1517 2169 et
1535 2118 1663 2186 appensio
1683 2119 1795 2185 iudicat,
1822 2136 1887 2190 qrrats
1907 2130 2021 2197 trienno.
2046 2126 2080 2178 itu

1289 2204 1368 2257 etiam
1379 2215 1466 2259 vester
1477 2221 1575 2274 pavor;
1589 2208 1633 2277 utri
1647 2219 1739 2263 corrtra
1751 2221 1900 2264 nostroooo
1912 2214 2080 2283 sarrgoiuem,

1290 2296 1462 2364 pecuniarum
1478 2297 1621 2361 allusione,
1645 2299 1830 2357 hereditatum
1845 2304 1981 2374 largitate,
1998 2323 2081 2378 equo-

1289 2400 1347 2440 rum
1362 2388 1581 2456 transmissione,
1596 2391 1753 2461 populorum
1766 2394 1906 2456 seditione,
1921 2408 2080 2465 potestatum

1290 2479 1461 2547 corruptione
1475 2473 1672 2551 pugnanteset
1686 2483 1764 2538 tidem
1778 2497 1892 2540 uestram
1905 2504 1988 2556 ostrea
2003 2489 2081 2544 nobis

1290 2567 1468 2638 impugnatur,
1489 2571 1644 2627 ertrbmcitis
1656 2575 1794 2644 protiteri,
1808 2586 1834 2629 et
1849 2575 1881 2629 ad
1901 2589 1997 2632 orostrae
2012 2593 2075 2634 seu-

1289 2658 1389 2722 tentia,
1405 2674 1419 2711 a
1434 2677 1485 2728 qua
1499 2660 1625 2716 deviastis
1641 2665 1660 2728 ¹,
1674 2665 1754 2718 rerba
1769 2666 1920 2735 confugitis.

1325 2750 1391 2804 dus.
1408 2751 1461 2804 Aut
1475 2752 1562 2805 sciens
1584 2753 1771 2819 calumniaris,
1788 2756 1810 2809 si
1832 2767 1859 2809 tu
1879 2758 1927 2811 istu
1943 2759 2081 2822 mentiris:

1288 2846 1335 2893 aut
1343 2839 1475 2894 nesciens·
1489 2841 1551 2910 qrrid
1562 2842 1688 2912 loquaris,
1700 2859 1759 2897 enm
1771 2847 1959 2900 mentientibus
1969 2849 2058 2904 eredis
2073 2868 2081 2905 :

1289 2929 1335 2985 sed
1346 2929 1400 2999 jam
1416 2932 1482 2985 satis
1494 2932 1529 2986 sit
1542 2931 1612 3002 qrrod
1626 2935 1748 3004 saporius
1760 2945 1810 2989 tua
1821 2939 1940 2996 sanitati.
1949 2940 1989 2993 rel
1999 2942 2082 2997 etiam

1289 3019 1446 3088 malignitati
1459 3021 1492 3074 ad
1504 3022 1552 3076 ista
1568 3024 1693 3092 respondi
1710 3025 1821 3097 (Supra,
1836 3044 1894 3095 cop.
1907 3027 1963 3099 te).

1323 3108 1429 3165 exst.
1453 3110 1512 3166 lut.
1536 3112 1601 3167 Tam
1613 3115 1685 3168 onim
1700 3116 1842 3170 scelestum
1857 3127 1914 3185 est,
1929 3119 2000 3187 quud
2019 3135 2082 3176 sus·

1289 3198 1360 3267 cepit
1375 3201 1557 3268 praevaricatio
1572 3203 1692 3271 pudenda
1707 3202 1868 3275 salgionis,
1884 3217 1911 3261 ιιι
1927 3224 1986 3261 eum
1999 3225 2013 3262 a
2027 3226 2078 3266 no-

1289 3287 1331 3343 bis
1345 3289 1479 3357 objicitur,
1502 3292 1605 3345 surrilis
1624 3304 1751 3362 negetur:
1766 3305 1794 3348 et
1815 3303 1868 3348 taro
1887 3309 2007 3352 sanctum
2021 3310 2081 3368 est,

1290 3380 1363 3450 guod
1376 3395 1391 3433 a
1406 3382 1484 3435 nobis
1495 3382 1620 3445 creditur,
1633 3393 1661 3451 ut
1671 3384 1721 3439 sub
1734 3385 1826 3438 umbra
1837 3385 1895 3454 ejus
1905 3386 2079 3454 delitescere,

1290 3469 1351 3524 licet
1362 3468 1512 3524 aduersaria
1528 3480 1617 3526 mente
1628 3514 1635 3536 ,
1647 3474 1770 3542 copiatis.
1785 3474 1851 3530 Nam
1870 3491 1930 3530 cum
1943 3493 1992 3548 ego
2002 3480 2081 3548 urrid-

1290 3560 1352 3629 quid
1366 3560 1552 3638 disputationis
1565 3571 1659 3616 restne
1672 3566 1784 3632 sparsim
1800 3566 1926 3621 ritembris
1943 3570 2083 3625 tenebatur

1290 3652 1482 3721 exprimerem,
1505 3661 1532 3706 et
1551 3667 1680 3708 sumoraro
1702 3657 1854 3725 gttaestioois
1877 3658 1902 3711 io
1926 3660 2082 3717 breuitatem

1289 3756 1427 3811 cogerem,
1443 3751 1472 3797 ut
1486 3745 1674 3800 ecclesiastiae
1688 3747 1861 3803 dissensionis
1875 3766 1954 3805 causa
1965 3793 1973 3817 ,
1985 3767 2082 3822 qrrauta

1290 3832 1417 3901 etqrralis
1442 3835 1605 3900 essct,siue
1632 3837 1704 3889 inmo
1730 3847 1757 3891 ct
1784 3838 1888 3894 nebulis
1915 3842 2082 3911 proderetur,

1290 3921 1348 3975 dixi
1363 3921 1474 3976 liberum
1490 3938 1504 3976 a
1519 3924 1596 3978 vobis
1609 3926 1746 3981 arbitrium
1761 3931 1869 3999 negari,
1886 3941 1913 3986 et
1927 3934 2008 3989 ileum
2021 3952 2084 3993 oas-

1291 4012 1407 4066 ceretium
1421 4012 1603 4079 conditorem;
1627 4032 1706 4085 porro
1719 4033 1734 4069 a
1750 4020 1826 4072 notus
1839 4020 1865 4074 id
1878 4026 2082 4096 utruroquede·

1291 4102 1377 4167 leudi,
1393 4111 1419 4157 et
1432 4104 1466 4156 ob
1481 4106 1531 4158 lroe
1544 4121 1592 4160 uos
1605 4106 1735 4176 imperitis
1756 4112 1863 4166 auribus
1878 4113 1912 4168 de
1932 4117 2081 4174 ooototbus

1290 4191 1480 4246 catholicorum
1491 4192 1625 4256 uirorum,
1640 4197 1684 4266 qiu
1699 4211 1807 4269 propter
1823 4202 1900 4256 odem
1911 4207 2083 4274 apostolicam

1291 4297 1369 4352 qoam
1385 4290 1500 4349 tuemur,
1510 4282 1646 4338 uobiscum
1656 4285 1813 4356 'latuimus
1827 4292 1898 4347 ciere
1913 4295 2017 4350 inanem
2031 4298 2084 4352 lra-

1291 4386 1396 4442 gorem,
1420 4379 1448 4425 ul
1461 4373 1677 4441 gutitirouisseot
1698 4375 1849 4435 Coelestiaoi
1876 4398 1890 4436 a
1915 4384 1991 4438 rolris
2013 4386 2082 4455 dici,

1291 4461 1444 4515 amitterent
1456 4461 1575 4517 caelestis
1590 4462 1651 4518 doci
1669 4465 1842 4535 dignitatern,
1856 4481 1883 4525 ct
1899 4474 1943 4542 qrri
1958 4476 2083 4545 expauis-

1291 4558 1352 4604 seot
1361 4564 1395 4604 oe
1408 4566 1422 4602 a
1433 4550 1508 4606 robis
1518 4551 1650 4622 Pelagiaot
1662 4554 1823 4624 dicerentur,
1838 4562 1863 4614 io
1878 4562 2084 4622 llarrielraeomm

1292 4639 1401 4708 pelagus
1424 4641 1669 4711 praecipitarentur;
1696 4656 1871 4718 putarentque
1904 4669 1933 4708 se
1967 4655 2084 4724 imperiti

1292 4732 1390 4799 goiqtre
1404 4747 1457 4784 ocur
1481 4746 1560 4800 posse
1571 4733 1736 4790 Christianos
1750 4741 1895 4808 appellari,
1910 4744 1932 4797 si
1954 4760 2001 4799 eos
2015 4744 2084 4800 Tra·

1294 4822 1398 4884 duciaoi
1422 4822 1578 4892 Pelagianos
1601 4836 1742 4882 vocassent
1759 4847 1764 4880 ε
1779 4847 1868 4885 eruore
1890 4835 1996 4904 regione
2018 4851 2084 4907 pru-

1296 4914 1390 4967 dentes
1404 4923 1568 4981 statuereut,
1584 4919 1705 4984 ausonis
1726 4921 1862 4975 nominum
1886 4923 2011 4980 inridiuut
2033 4928 2085 4982 sibi

1293 5003 2085 5079 ettopotamsosuoaooooaegeotamtntoocauotieam

1292 5093 1504 5163 relinquendam.
1518 5091 1570 5150 Sed
1583 5095 1669 5150 nerei
1693 5098 1742 5152 lroe
1770 5102 1853 5168 ipsoot
1877 5105 2087 5177 cortuleugenus

1293 5194 1382 5238 restro
1390 5185 1523 5238 inventum
1532 5185 1638 5255 ingenio
1651 5189 1780 5257 glorieris
1791 5195 1976 5263 recordamini,
1984 5198 2019 5253 ab
2027 5215 2087 5255 om·

1295 5274 1372 5328 uibus
1383 5273 1489 5343 ‹pudem
1498 5273 1629 5331 hereticis
1641 5276 1745 5335 diuersa
1768 5283 1838 5336 uos⁸
1853 5287 1979 5342 rrrcabula
1997 5289 2087 5346 solere

1295 5365 1429 5434 suscipere
1439 5383 1444 5418 :
1454 5366 1501 5420 sed
1512 5368 1648 5438 iosyuodo
1662 5371 1821 5428 Ariminensi
1835 5377 2017 5435 uehementius
2029 5380 2087 5435 cla·

1296 5456 1396 5520 ruisse,
1418 5457 1481 5526 quiid
1503 5459 1571 5525 apud
1591 5460 1730 5529 plumbeos
1750 5467 1853 5519 animos
1868 5469 1910 5522 rot
1928 5471 2088 5542 ambiguitas

1295 5545 1386 5608 uerbi,
1402 5547 1444 5599 uel
1458 5549 1629 5602 coruminatio
1645 5553 1704 5605 nori
1728 5556 1849 5609 vocalntti
1870 5561 1953 5626 possit
1975 5562 2088 5616 sceleris

1296 5636 1426 5690 obtinere.
1440 5637 1506 5691 Nam
1519 5654 1579 5693 cum
1593 5642 1643 5695 sub
1657 5645 1755 5697 briano
1770 5648 1887 5717 principe
1899 5692 1906 5712 ,
1930 5652 1969 5704 uir
1983 5667 2087 5722 maguae

1329 5793 1337 5822 ¹
1350 5793 1386 5841 sie
1396 5798 1449 5841 llas.
1461 5793 1528 5852 totu,
1538 5793 1647 5846 denoto.

1327 5853 1511 5911 'llas-,uetus

1329 5911 1403 5962 'ttss
1415 5921 1469 5961 ttar.
1484 5923 1509 5963 et
1519 5922 1593 5969 uon..
1604 5916 1730 5970 roliacum.

1329 5973 1418 6026 ‘editi
1426 5974 1530 6045 'rtieersa
1547 5977 1660 6028 uocabula
1674 5982 1749 6032 solere
1761 5998 1898 6048 stramem
1908 6001 2010 6051 ornum,
2035 6003 2087 6041 ttae.

1301 6035 1363 6092 Qurrd
1373 6043 1508 6084 restituitur
1521 6050 1552 6086 ex
1565 6046 1617 6089 llas.

1665 6156 1735 6171 '‘w-u
