4900 6892
442 713 510 777 tota

474 829 553 887 ultr.
569 829 629 889 lut.
642 834 799 903 Quanquam
813 833 890 896 milri,
906 842 934 888 ut
947 831 981 888 u'c
995 841 1063 886 statu
1074 829 1233 900 caplicando

437 918 567 979 irrrmorer
585 924 771 993 paruulorum,
790 924 980 994 consequentia
1003 923 1114 978 rationis
1131 922 1232 986 indicit,

429 1030 497 1084 quau
511 1029 609 1071 rossua
620 1016 678 1086 lege
690 1027 844 1085 conmuctas
858 1016 938 1071 diridi
953 1034 1004 1070 urm
1018 1017 1090 1071 sinit.
1099 1016 1231 1071 Craterum

435 1101 540 1160 taciliar
551 1118 624 1163 esset
640 1106 742 1177 jactura
755 1109 931 1175 nascentiam,
946 1109 968 1167 si
984 1123 1036 1162 nou
1047 1109 1087 1163 ais
1100 1108 1232 1178 canipari-

433 1195 572 1253 clitaretar
587 1199 596 1230 ⁸
613 1199 671 1268 ipsa
697 1199 832 1270 trrajestas.
856 1200 959 1254 Ercusa
983 1200 1063 1270 igitur
1087 1201 1181 1266 llenm,
1202 1209 1231 1254 et

434 1300 532 1343 accusa
548 1289 707 1358 paruulum:
728 1291 829 1359 justum
852 1290 980 1346 doceatur
1004 1291 1049 1345 ille
1069 1290 1140 1361 quad
1156 1290 1229 1357 tacit,

434 1377 481 1448 qui
496 1379 555 1435 sine
562 1378 664 1449 justitia
676 1382 746 1436 betis
759 1396 819 1438 esse
834 1397 886 1437 aon
901 1392 1001 1452 potost;
1016 1393 1043 1439 et
1056 1384 1156 1453 quaeris
1168 1399 1230 1439 sus-

433 1469 515 1541 cipiat
527 1486 640 1542 persona
654 1474 825 1543 suppliciam.
844 1471 978 1530 Caeterum
1000 1489 1070 1531 nune
1091 1483 1167 1529 extra
1184 1491 1229 1529 sa·

432 1563 572 1635 crilogium
586 1580 630 1620 ros
641 1580 706 1635 quas
728 1575 805 1635 putas
820 1580 881 1621 esse
894 1575 1043 1630 consertas,
1067 1575 1160 1621 mutuo
1178 1566 1228 1620 sibi

432 1653 605 1712 uehementer
627 1665 784 1728 repugnant.
808 1657 879 1712 Dicis
899 1657 981 1721 euim,
1003 1657 1126 1727 quoniam
1148 1657 1228 1711 uais¹

431 1746 577 1819 mysteriis,
602 1746 748 1802 idololatrae
772 1763 804 1803 ac
826 1746 964 1817 parricidae
988 1746 1009 1812 ⁸,
1033 1748 1187 1802 imbuuntur
1201 1754 1230 1802 et

431 1837 545 1907 parsuli,
557 1853 651 1892 omnes
661 1839 789 1894 scelestas
801 1853 880 1909 posse
892 1839 1012 1894 convinci
1027 1850 1070 1893 :et
1081 1837 1157 1893 addis
1171 1854 1226 1894 rent

430 1930 515 1985 nrulta
528 1930 724 1999 absurdiorem,
740 1931 932 1988 aSacramenti
946 1931 1034 2000 liujus,
1056 1946 1110 2002 quo
1122 1931 1155 1986 dc
1169 1932 1226 2000 agi-

430 2036 501 2087 uuts,
514 2031 622 2076 stratore
637 2023 722 2078 alicua
738 2032 846 2093 peccata
864 2023 1051 2079 innocentibus
1071 2024 1193 2093 imputari
1203 2021 1224 2077 ⁸.

430 2109 488 2167 lloc
499 2112 621 2182 estquod
634 2128 753 2184 pugnare
765 2113 830 2176 diri,
850 2114 975 2184 quianon
989 2115 1060 2183 capit
1075 2129 1164 2167 reram
1179 2128 1226 2167 aa·

429 2211 488 2259 tura
503 2214 531 2259 ut
547 2220 600 2258 uun
613 2214 733 2276 tempore
753 2214 781 2262 ct
798 2206 865 2261 adea
879 2206 915 2260 sit
933 2206 1085 2261 misericors
1101 2205 1182 2274 Deris,
1198 2214 1226 2260 ut

429 2296 533 2365 propria
543 2296 683 2368 unicuiqae
696 2297 832 2353 cotrdteuti
846 2308 951 2368 peccata
962 2298 1108 2362 conrlonot;
1119 2307 1146 2352 ct
1157 2297 1225 2352 adeo

427 2386 555 2455 audetis,
568 2397 596 2442 ut
608 2389 742 2445 innocenti
755 2389 882 2460 impingat
893 2390 991 2445 aliena.
1003 2389 1101 2444 lloruur
1114 2403 1224 2459 prorsus

426 2488 488 2530 curn
509 2475 623 2532 alterum
641 2477 758 2546 dederis,
774 2478 889 2534 aiterum
904 2480 986 2535 tulisti
999 2480 1010 2512 ⁸
1025 2480 1067 2536 :si
1081 2479 1162 2535 uomt
1176 2497 1223 2537 re·

426 2563 499 2622 niam
509 2567 573 2632 reis,
588 2582 641 2624 nou
662 2569 839 2626 calumniatur
862 2571 993 2638 innoxiis;
1007 2572 1030 2627 si
1046 2570 1224 2628 calumniatur

425 2654 558 2722 innocuis,
573 2674 708 2730 nunquam
723 2660 807 2730 parcit
820 2661 953 2716 obnoxiis.

460 2751 530 2806 Aac.
545 2750 585 2805 Tu
599 2753 686 2820 potius
707 2751 772 2808 lacis
792 2753 917 2823 injustum
941 2754 1035 2816 ὓιιιιιι,
1048 2768 1109 2810 carn
1123 2755 1169 2811 tibi
1182 2756 1221 2811 ui·

424 2839 642 2909 detur-injustum
656 2851 765 2912 peecata
779 2852 884 2913 patrum
898 2843 1010 2899 reddere
1021 2843 1048 2899 ia
1062 2844 1139 2912 lilios,
1148 2846 1220 2916 quod

424 2918 510 2988 scilic
523 2931 611 2989 tacere
621 2941 648 2988 et
661 2934 749 2989 verbis
761 2948 833 3004 saepo
845 2941 958 2989 testatur
966 2935 1081 2990 etrobus
1090 2937 1217 2992 ostendit.

423 3020 475 3102 Tu,
489 3024 606 3095 inquam,
621 3023 686 3081 tacis
705 3025 831 3096 iniustam
853 3026 949 3093 berun,
972 3027 1022 3082 sub
1041 3028 1117 3099 cujus
1130 3029 1217 3083 ornai-

423 3117 540 3186 poteutis
553 3132 617 3172 cura
629 3131 688 3173 cura
699 3117 789 3172 rideas
801 3116 876 3188 graui
887 3118 951 3188 jugo
965 3117 1081 3174 miseriae
1094 3118 1218 3187 parrulos

423 3206 521 3276 premi,
536 3206 637 3263 nullutn
650 3222 698 3264 eos
711 3216 848 3279 peccatum
863 3206 961 3264 babere
976 3207 1124 3276 contendis,
1136 3209 1217 3265 simul

422 3311 552 3354 mustus
571 3305 599 3354 et
613 3298 709 3365 Deum,
726 3308 754 3356 ct
771 3299 917 3356 Ecclesiam
939 3300 1047 3356 :ileum
1062 3301 1180 3371 quidem,
1194 3302 1217 3356 si

421 3397 566 3459 gravantur
579 3398 606 3444 ot
620 3389 773 3460 affliguntur
785 3390 925 3457 immeriti3
941 3391 1088 3448 Ecclesiam
1101 3407 1176 3456 vero,
1193 3394 1216 3447 si

423 3460 599 3535 exsufflamur
617 3494 632 3534 a
653 3481 712 3550 jure
734 3481 872 3536 diabolice
896 3483 1035 3553 potestatis
1058 3482 1147 3538 alicui.
1165 3483 1216 3540 Ubi

422 3579 511 3628 autern
527 3571 677 3640 somniasti,
701 3574 849 3630 idololatris
869 3587 898 3630 et
919 3576 1057 3647 nortluidis
1076 3577 1218 3648 originalia

421 3664 591 3734 parralorum
605 3680 767 3737 uosaquare
777 3667 904 3737 peccatal
918 3667 1107 3723 Verumtamen
1118 3678 1216 3741 myste-

423 3753 471 3809 riis
486 3752 567 3809 indita
580 3756 704 3810 remissio
716 3767 897 3825 peccatoram,
913 3757 940 3812 iu
954 3758 1079 3828 pcccatis,
1091 3769 1118 3813 ot
1132 3761 1216 3829 arajo-

420 3845 505 3909 ribus,
523 3855 551 3901 et
572 3846 731 3911 minoribus,
744 3855 772 3902 et
790 3848 919 3916 pluribus,
943 3858 969 3903 et
989 3849 1168 3918 paucioribus,
1188 3860 1216 3906 et

400 3934 543 4006 -slagulis,
558 3952 619 3992 rora
633 3946 693 3992 est:
708 3936 735 3992 ia
749 3937 828 3993 uultis
840 3954 903 3994 rero
921 3939 1049 4010 pcccatis,
1066 3938 1136 3995 sicut
1155 3955 1215 3996 esse

419 4028 592 4097 paruulorum
609 4027 708 4096 dicitis,
731 4027 798 4084 falsa
812 4039 862 4084 est.
879 4029 923 4084 Sic
943 4038 1032 4086 autem
1052 4030 1138 4084 aliena
1153 4039 1216 4086 sunt

420 4117 559 4187 originalia
574 4126 682 4186 peccam
704 4127 813 4190 propter
831 4119 932 4173 nullum
955 4118 981 4172 ia
1005 4118 1044 4174 eis
1059 4130 1157 4176 amirae
1169 4135 1211 4176 to

420 4207 529 4263 luntatis
548 4208 697 4273 arbitrium,
719 4220 747 4264 ιιι
769 4217 857 4264 umen
879 4220 987 4280 propter
1000 4209 1111 4281 originis
1124 4220 1215 4266 eunu-

419 4299 492 4372 giam
507 4314 567 4356 esse
586 4301 754 4356 investiantur
770 4309 798 4357 et
814 4311 916 4357 nostra.
929 4301 998 4370 Quid
1014 4311 1055 4358 est
1067 4319 1132 4374 ergo
1144 4303 1216 4374 quud

419 4390 530 4459 damas,
541 4402 569 4448 et
582 4392 648 4448 dicis
663 4408 716 4448 non
731 4408 809 4465 posse
824 4393 908 4448 boum
918 4403 945 4449 et
958 4394 1092 4451 dimittere
1108 4404 1214 4466 peccata

418 4483 565 4554 majoribus
584 4487 700 4556 propria,
714 4497 741 4540 et
761 4486 893 4554 imputare
907 4488 1024 4556 parvulis
1036 4487 1122 4543 aliena
1142 4504 1149 4541 ι
1165 4503 1215 4543 acc

419 4577 462 4633 uis
478 4576 628 4643 attendere,
649 4576 719 4647 quod
735 4577 839 4631 nonnisi
862 4576 889 4630 ia
906 4575 1013 4632 Citristo
1031 4579 1129 4633 renatis
1141 4589 1216 4634 utra·

419 4682 487 4738 que;
503 4683 556 4722 non
572 4667 671 4722 renatis
685 4675 774 4722 autem
787 4667 814 4722 ia
828 4667 945 4732 Christo,
956 4676 1051 4724 neutra
1065 4669 1181 4726 dimittat
1189 4671 1213 4726 ⁶?

419 4758 479 4829 lpsa
492 4768 555 4814 suat
566 4760 637 4815 enim
649 4758 803 4814 christianae
812 4760 905 4830 gratias
920 4769 1086 4815 sacraturonta
1098 4761 1213 4818 abscou-

418 4851 475 4906 dita
487 4851 651 4921 sapientibus
664 4861 693 4908 et
710 4853 896 4923 prudentibus,
918 4864 946 4909 et
968 4853 1082 4909 resolata
1096 4856 1214 4925 parvulis

420 4940 526 5012 (battle.
536 4957 574 5007 xa,
584 4942 643 5014 25).
657 4941 685 4998 ln
693 4945 789 5014 quibus
799 4960 816 4999 o
826 4947 848 5000 si
859 4959 943 5012 esses,
955 4961 1004 5000 acc
1016 4945 1092 5015 qtrasi
1102 4962 1214 5017 magmas

419 5031 447 5086 ia
459 5040 502 5087 tua
517 5032 614 5088 virtute
626 5033 785 5097 confideres,
798 5036 916 5104 prolecto
926 5037 1096 5106 intelligeres,
1109 5038 1147 5092 sic
1160 5038 1212 5093 im·

420 5125 508 5196 putari
528 5125 662 5195 generatis
686 5125 802 5194 paruulis
822 5126 977 5194 injustitiam
1003 5127 1079 5196 primi
1098 5127 1213 5183 trotariuis

419 5217 453 5273 ad
465 5216 631 5272 subeundum
651 5216 819 5288 supplicium,
833 5218 1055 5287 quamadmodum
1071 5220 1213 5290 imputatur

419 5310 538 5382 paruulis
551 5312 715 5381 regeneratis
726 5309 827 5380 justitia
842 5311 950 5364 secundi
971 5310 1086 5366 bominis
1096 5310 1129 5366 ad
1142 5312 1212 5366 olui-

419 5399 537 5456 ncndum
554 5415 664 5470 regnum
678 5400 807 5457 coeiorum
821 5419 828 5453 ε
843 5401 963 5471 quarmis
985 5400 1120 5455 voluntate
1133 5412 1213 5471 atquc

419 5504 502 5564 opcrc
517 5495 623 5560 proprio
642 5505 692 5547 nec
703 5492 777 5547 iilum
797 5492 823 5548 in
842 5492 922 5559 malo,
936 5505 986 5548 noc
1008 5491 1086 5546 istum
1101 5493 1128 5547 ia
1143 5492 1213 5547 bauo

419 5582 588 5658 reperiantur
601 5582 705 5638 imitati.

450 5767 459 5800 ¹
476 5765 514 5817 sle
524 5771 578 5816 stes.
590 5764 665 5825 narrt,
677 5777 698 5814 tt
708 5775 816 5816 nonaum
826 5765 862 5817 eia
869 5763 1058 5836 periclitaretur.
1125 5825 1131 5836 1

450 5829 461 5860 ¹
478 5831 520 5877 tric
531 5827 748 5889 manuscriptorum
759 5828 901 5878 auctoeitate
912 5830 1077 5888 restituimus,
1087 5839 1149 5877 ants.

451 5888 462 5920 ¹
478 5889 546 5949 suta,
558 5898 583 5941 ιιι
591 5887 726 5942 tuotatatroe
736 5886 765 5939 ric
776 5888 917 5955 pmricirloe.
933 5891 1017 5952 abest,
1029 5897 1067 5951 ut,
1079 5901 1094 5940 ι
1112 5889 1212 5952 quibus·

418 5948 473 5999 daur
485 5959 536 6001 ttss.
550 5951 770 6012 [utidololutroedc
782 5950 935 6021 parricida]
1061 6010 1067 6022 ¹

451 6013 462 6042 ⁸
478 6012 515 6061 sic
534 6021 588 6064 uss.
600 6016 677 6071 ratiti.
688 6013 833 6065 eurruarntt'
843 6010 915 6074 lepris
926 6011 958 6062 de
968 6026 1016 6076 quo
1026 6025 1119 6079 agamus
1131 6017 1211 6064 arictu-

419 6082 472 6123 ruta
482 6073 561 6124 alienu
573 6085 670 6138 precatu
680 6074 843 6146 itrrtorcatilus
852 6073 979 6139 t'rrrputarc.

450 6134 461 6168 ¹
477 6138 514 6185 sic
525 6142 579 6187 ttst.
591 6137 659 6198 tutu,
671 6136 794 6191 ιιιιιιιιιιιι.

451 6193 462 6231 ⁸
477 6196 575 6250 siclin
585 6196 643 6252 rmtt
652 6231 660 6262 ‚
670 6196 830 6253 dimittatur.

787 717 910 775 arants
929 712 1134 775 tattssattctt
1153 716 1291 772 coarat
1309 712 1490 788 JULMNUM,
1510 719 1538 777 8.
1555 721 1739 780 aucusttau

2010 723 2084 784 1080

1325 826 1414 884 Ltttr.
1430 830 1489 887 lua.
1504 831 1576 889 Nihil
1590 835 1678 905 itaque
1697 836 1724 890 in
1739 835 1828 892 uerbis
1843 837 1904 900 tuis.
1919 846 2039 905 coactus,
2054 848 2084 895 ut

1287 917 1364 987 dicis,
1389 920 1485 978 timore
1504 925 1631 996 praeterit.
1650 925 1720 995 Quid
1742 927 1813 982 enim
1835 927 1861 982 in
1884 936 1938 983 tarn
1951 928 2083 1000 elegantis

1287 1009 1385 1080 ingenii
1400 1028 1504 1081 passam
1518 1030 1613 1083 parcre
1627 1018 1817 1083 monumentis,
1832 1018 1882 1072 nisi
1896 1017 1963 1074 torte
1972 1017 2024 1074 boc
2033 1033 2081 1075 so-

1287 1100 1351 1167 lunt,
1365 1101 1435 1171 quad
1445 1103 1584 1161 lrorrotcm
1596 1106 1630 1162 de
1636 1105 1810 1163 obscenitatis
1819 1117 1871 1163 tuas
1881 1108 2081 1181 impugnatione

1286 1193 1439 1262 perpetior?

1321 1284 1388 1341 alta.
1410 1285 1437 1341 Si
1451 1302 1555 1345 erueres
1568 1290 1617 1346 ista
1639 1292 1780 1360 conuicia,
1803 1293 1942 1365 prodigum
1962 1303 1990 1353 te
2004 1295 2078 1354 dico·

1284 1388 1339 1428 rom
1356 1394 1362 1429 :
1376 1377 1459 1446 gratis
1471 1379 1668 1460 tibiadjacent3
1683 1398 1732 1440 cur
1743 1400 1798 1440 non
1810 1385 1849 1441 eis
1863 1384 1970 1455 fruaris,
1983 1387 2080 1459 quibus

1284 1465 1441 1522 arraledicum
1453 1469 1570 1525 aaimum
1584 1473 1689 1543 pascis?

1318 1556 1386 1612 Lttt.
1406 1560 1467 1615 lua.
1483 1562 1551 1617 Audi
1575 1564 1663 1634 igitur.
1678 1574 1770 1622 contra
1787 1582 1818 1622 ea
1831 1582 1891 1639 quse
1905 1567 2005 1636 dixisti,
2017 1570 2079 1627 bre·

1281 1647 1351 1704 riter
1365 1669 1372 1705 :
1386 1667 1438 1706 nou
1458 1662 1521 1709 suat
1547 1656 1673 1713 Eoclesiae
1692 1658 1831 1716 catboiicae
1855 1672 1974 1731 pectma,
1993 1665 2076 1733 quaa·

1280 1753 1370 1793 sermo
1384 1749 1445 1797 taus
1458 1747 1593 1813 corruerat,
1617 1746 1640 1801 si
1659 1762 1674 1802 a
1690 1748 1789 1818 pietate
1804 1759 1832 1805 et
1850 1751 1953 1807 ratione
1973 1752 2078 1809 discor-

1280 1828 1355 1885 dant.
1370 1831 1445 1901 Quod
1461 1845 1603 1908 utrumque
1623 1840 1803 1908 corrrtraittuut,
1824 1856 1885 1897 cum
1908 1858 1957 1897 troc
1975 1842 2010 1898 de
2028 1843 2075 1899 llci

1279 1919 1404 1988 aquitate
1417 1922 1486 1979 bcao
1498 1927 1640 1992 restituant,
1656 1944 1704 1984 racc
1724 1931 1927 2001 mysteriorum,
1944 1948 2004 2003 quae
2022 1933 2075 1987 cri·

1279 2009 1426 2081 nrinautur,
1439 2017 1598 2088 sapientiam
1620 2029 1646 2075 ct
1659 2021 1764 2077 diritius
1787 2023 1945 2095 intelligunt.
1962 2024 2020 2080 Non
2033 2035 2074 2079 est

1281 2102 1417 2160 buclldes
1442 2109 1589 2181 antiquitus
1614 2112 1708 2166 tradita
1733 2124 1812 2184 argiro
1832 2114 1950 2180 trrrrdata,
1976 2115 2026 2169 uisi
2047 2115 2071 2169 lu

1278 2196 1401 2252 ctrrreiliis
1414 2199 1625 2269 trudignaatiuur,
1641 2204 1766 2273 inspirata
1781 2222 1795 2259 a
1810 2206 1927 2272 diabulo,
1939 2208 2040 2278 prolata
2056 2225 2072 2263 a

1277 2282 1432 2352 llaniciaaea,
1444 2291 1575 2346 celebrata
1591 2309 1605 2346 a
1623 2293 1767 2363 biarciuue,
1787 2294 1896 2361 Fausto,
1916 2298 2070 2364 Adiuncto,

1276 2376 1452 2448 euntibusque
1466 2395 1557 2436 corum
1573 2384 1742 2451 satellitibus,
1767 2395 1795 2441 et
1813 2404 1885 2443 nunc
1902 2403 1916 2442 a
1933 2398 1959 2444 tc
1977 2388 2005 2444 iu
2020 2388 2064 2443 lta·

1276 2463 1337 2519 liam
1350 2468 1372 2531 ¹,
1385 2468 1457 2538 qaod
1472 2472 1590 2541 grauiter
1602 2476 1743 2544 gemimus,
1758 2488 1890 2534 eructata.

1310 2557 1378 2614 buu.
1399 2559 1458 2630 Quo
1476 2578 1533 2631 ore,
1546 2579 1597 2635 qua
1611 2564 1700 2623 lroate
1713 2570 1855 2624 concilium
1869 2570 2067 2644 malignantium

1274 2647 1351 2715 dir-is,
1376 2655 1581 2711 consensionem
1600 2669 1639 2714 tot
1657 2661 1860 2729 catlroiicorum,
1882 2665 1926 2734 qui
1944 2664 2068 2720 doctores

1273 2737 1454 2797 Ecclesiarum
1469 2745 1575 2802 fueruat
1588 2758 1651 2804 ante
1664 2753 1733 2805 aas?
1746 2752 1826 2820 Quasi
1841 2771 1915 2822 vero,
1928 2755 1950 2809 si
1965 2757 1991 2812 in
2004 2773 2067 2813 corr·

1272 2827 1334 2883 cilio
1348 2832 1544 2903 episcoporum,
1558 2838 1630 2908 quod
1641 2856 1693 2895 aaa
1704 2842 1856 2908 salubriter,
1869 2846 1914 2900 sed
1922 2850 2065 2916 jactanter,

1272 2932 1381 2992 propter
1393 2936 1494 2982 rostras
1508 2932 1669 2999 questiones
1687 2933 1785 2991 debere
1798 2936 1886 2992 dicitis
1897 2941 2064 3012 congregari,

1270 3012 1396 3069 sederent
1407 3017 1523 3090 episcopi
1533 3036 1601 3090 quas
1610 3037 1689 3094 supra
1701 3028 1856 3093 memorari,
1870 3037 1899 3083 ut
1910 3029 1977 3084 alius
1986 3031 2066 3086 omit·

1271 3114 1342 3171 tam,
1369 3105 1526 3176 Cyprianus,
1557 3111 1687 3182 llilarius,
1713 3116 1881 3187 Ambrosius,
1908 3119 2063 3192 Gregorius

1270 3190 1392 3261 basilius,
1408 3194 1524 3254 loannes
1538 3199 1863 3277 constantinopolitanus,
1885 3211 1987 3282 aliquos
1997 3212 2063 3269 ’ea-

1269 3298 1329 3338 runt
1350 3288 1395 3358 qui
1408 3304 1479 3345 natac
1494 3302 1604 3350 rrrancnt
1622 3294 1699 3351 facilc
1716 3299 1887 3372 inveniretis,
1902 3319 1969 3373 quas
1984 3305 2062 3361 eisin

1268 3375 1390 3434 doctrina
1407 3384 1587 3441 ecelesiastica
1609 3390 1754 3460 antiquitus
1770 3394 1866 3449 turdita
1883 3411 2000 3466 mquarc,
2017 3414 2064 3454 ne·

1268 3468 1332 3524 dum
1345 3473 1472 3541 preferre
1487 3478 1609 3544 possetis.
1623 3479 1691 3535 Cum
1708 3497 1772 3553 ergo
1787 3483 1837 3555 ipsi
1855 3495 1948 3540 contra
1968 3502 2015 3542 ros
2029 3486 2063 3543 de

1268 3571 1379 3633 peccato
1393 3565 1515 3636 originali
1531 3567 1668 3637 proterant
1680 3581 1785 3640 apertas
1804 3573 1942 3644 clarasque
1954 3585 2062 3632 santerr-

1269 3651 1329 3718 tias,
1341 3662 1368 3707 et
1382 3670 1449 3725 quas
1464 3656 1541 3725 paulo
1554 3669 1616 3714 aute
1629 3662 1715 3730 posui,
1732 3670 1759 3716 ot
1773 3663 1839 3718 alias
1852 3664 1994 3734 piurinras;
2012 3667 2062 3721 bo·

1268 3757 1364 3798 rumne
1378 3745 1405 3799 in
1423 3745 1555 3803 catholica
1569 3751 1679 3806 veritate
1693 3767 1853 3811 consensum
1867 3757 1971 3814 audetis
1987 3760 2062 3815 utali-

1267 3835 1405 3904 gnantiam
1419 3838 1553 3909 appellare
1564 3843 1723 3898 correiliuml
1735 3854 1763 3901 et
1776 3847 1909 3919 cogitatis,
1930 3849 1991 3920 qrrid
2004 3851 2062 3907 istis

1267 3926 1456 3983 corrtradicatis
1469 3928 1490 3996 ⁸,
1504 3945 1536 3986 ao
1551 3948 1603 3986 noa
1618 3935 1706 4003 potius
1721 3952 1773 4006 quo
1785 3937 1898 4011 lugiatis,
1911 3940 1932 3994 si
1945 3941 1985 3996 eis
1997 3957 2061 3996 oon·

1267 4017 1368 4072 sentire
1379 4032 1431 4072 non
1448 4019 1547 4075 uultis?
1558 4020 1609 4077 Sed
1624 4026 1749 4095 quostiam
1765 4042 1808 4082 mc
1819 4028 1909 4084 dixisti
1925 4040 2061 4087 eructasse

1268 4109 1294 4164 in
1309 4107 1411 4164 ltaliam
1431 4112 1501 4182 quod
1519 4116 1643 4185 gematis,
1664 4117 1787 4174 euardem
1808 4120 1881 4176 illum
1906 4122 2060 4193 episcopam

1268 4198 1374 4256 ltalitea
1387 4210 1431 4255 tuo
1443 4201 1552 4259 doctore
1565 4205 1700 4262 laudatum
1712 4209 1738 4264 in
1750 4219 1821 4264 tuam
1833 4209 1947 4267 frontem
1959 4215 2061 4284 replico

1267 4289 1449 4346 Ambrosium.
1466 4311 1476 4344 ι
1491 4292 1591 4350 Omnes
1610 4296 1742 4364 immines,
1759 4319 1768 4347 a
1793 4302 1886 4373 inquil,
1911 4322 1920 4356 ι
1937 4305 1987 4359 sub
2000 4320 2062 4375 pcc·

1267 4389 1328 4435 cato
1341 4382 1486 4449 nascimur,
1503 4400 1617 4455 quorum
1631 4388 1688 4457 ipse
1699 4400 1774 4446 ortus
1795 4392 1820 4445 in
1839 4393 1902 4448 uitio
1915 4403 1956 4449 est
1970 4414 1976 4448 :
1992 4397 2061 4451 sicut

1267 4467 1350 4527 habes
1371 4471 1480 4542 lectum,
1504 4474 1610 4532 dicente
1634 4479 1728 4548 David,
1753 4482 1820 4537 Ecce
1839 4484 1865 4537 ia
1889 4485 2061 4556 iniquitatibus

1266 4570 1401 4634 conceptas
1408 4580 1475 4631 suut,
1487 4574 1511 4619 ιι
1519 4566 1546 4620 ia
1556 4566 1653 4623 delictis
1663 4572 1758 4641 peperit
1769 4590 1808 4628 me
1817 4583 1896 4629 atater
1907 4591 1962 4628 meu
1973 4574 2058 4646 (l'rul.

1267 4668 1294 4720 a,
1309 4652 1349 4724 t).
1366 4653 1428 4710 ldeo
1441 4656 1516 4713 Pauli
1533 4674 1597 4714 caro
1616 4677 1713 4732 corpus
1728 4666 1823 4721 mortis
1837 4677 1905 4731 errat,
1916 4668 1985 4723 sicat
2005 4669 2061 4738 ipse

1267 4742 1320 4798 ait:
1338 4743 1400 4812 Quis
1411 4763 1450 4800 rae
1462 4748 1574 4803 liberabit
1588 4752 1620 4804 de
1630 4768 1736 4824 corpore
1749 4757 1835 4810 atortis
1850 4759 1927 4828 liujus
1970 4759 2059 4829 (lloaa

1267 4851 1314 4904 ιιιι,
1324 4835 1385 4908 iifl
1398 4839 1607 4897 ‹Christiautom
1618 4858 1683 4898 caro
1694 4844 1828 4902 damnarit
1837 4850 2060 4919 poccatanr,qaod

1268 4931 1402 4986 nascendo
1416 4947 1469 4987 nou
1483 4934 1577 5001 sensit,
1593 4935 1663 5005 qaod
1677 4938 1817 4993 moriendo
1832 4940 1974 5005 crucifixit,
1991 4950 2020 4996 at
2033 4942 2059 4996 la

1266 5036 1347 5078 carrio
1364 5033 1454 5077 austra
1468 5035 1540 5081 esset
1554 5026 1708 5095 justificatio
1722 5043 1770 5098 per
1791 5031 1914 5100 gratiam,
1937 5033 1982 5087 nbi
2004 5044 2062 5089 crat

1266 5123 1328 5168 anto
1342 5114 1456 5169 collario
1466 5131 1513 5185 por
1523 5117 1628 5187 culpam
1641 5138 1651 5171 ι
1665 5117 1716 5192 (De
1725 5118 1887 5190 Poerriteatia,
1901 5124 1946 5181 aa.
1960 5126 1987 5193 i,
2001 5143 2059 5198 cap.

1266 5205 1285 5260 2
1309 5206 1347 5260 uel
1371 5208 1409 5277 3).
1435 5207 1509 5264 llanc
1521 5225 1585 5282 ergo
1606 5211 1684 5267 iidem
1699 5213 1844 5284 antiquitus
1864 5215 1985 5271 traditam
2001 5218 2061 5273 dica

1266 5305 1346 5367 atquc
1368 5297 1527 5353 laudatam:
1549 5310 1576 5355 tu
1597 5304 1697 5368 renuis,
1720 5313 1746 5359 ct
1768 5308 1811 5360 cui
1835 5307 1984 5374 relucteris,
2008 5326 2061 5365 aon

1267 5388 1387 5456 respicis.
1409 5391 1541 5462 Numquid
1557 5393 1618 5448 baic
1632 5411 1692 5450 earn
1708 5411 1723 5448 a
1739 5394 1847 5452 diabolo
1860 5398 1949 5454 dicore
1961 5404 2060 5470 poteris

1267 5476 1441 5547 inspiratam?
1454 5481 1588 5553 Numquid
1610 5484 1660 5539 iste
1680 5485 1843 5541 biania-lmus
1856 5490 1916 5544 est?
1931 5494 2059 5560 auraquid

1266 5566 1393 5632 llarcioa,
1410 5569 1532 5634 Faustus,
1547 5572 1721 5630 adimantus?
1733 5574 1791 5630 Nou
1806 5576 1907 5648 utique,
1922 5580 1968 5635 sed
1983 5581 2061 5652 louge

1267 5659 1309 5716 las
1331 5661 1477 5730 dissimilis,
1505 5665 1635 5736 longaque
1659 5670 1819 5724 corrtrarius.
1845 5671 1966 5742 l’clagius
1986 5685 2062 5730 certe

1266 5754 1339 5811 dicat
1351 5759 1410 5827 quis
1421 5758 1471 5814 istc
1483 5760 1528 5813 sit.
1543 5758 1599 5826 ltlc,
1612 5761 1656 5815 iile
1670 5771 1721 5826 ost,
1737 5763 1813 5832 cujas
1830 5763 1919 5831 sadum,
1932 5775 1960 5820 ct
1975 5769 2061 5835 puris-

1298 5892 1307 5924 ¹
1325 5891 1399 5951 tullii,
1422 5893 1516 5955 qrriirrs.
1528 5903 1628 5956 atltss„
1640 5910 1704 5962 qrroe.
1717 5899 1818 5962 aesptett
1838 5900 1944 5951 tatianus
1953 5902 1982 5950 ad
2002 5902 2059 5953 iilud

1267 5965 1299 6002 ex
1311 5954 1444 6014 anagastino
1453 5957 1552 6005 citatum
1564 5973 1653 6024 supra,
1670 5975 1722 6025 oep.
1735 5961 1781 6010 52:
1801 5970 1887 6012 curtata
1895 5962 2010 6015 Ecclett'oe
2017 5976 2058 6014 αι·

1266 6013 1361 6064 tlrolr'cte
1371 6022 1467 6076 ριιιοιιι
1478 6031 1542 6068 cotra
1549 6021 1592 6072 at't.

1299 6075 1356 6126 ’sic
1367 6083 1419 6126 tiss.
1433 6083 1501 6137 tuat,
1515 6080 1592 6133 ltalia.

1299 6137 1309 6169 l
1324 6138 1400 6196 ratiti,
1415 6138 1513 6200 aliique.
1533 6146 1615 6197 trelius
1622 6148 1787 6209 nanasaipti,
1798 6147 1898 6209 uliqrtos.

1300 6198 1358 6250 *sic
1367 6206 1419 6252 atas.
1443 6209 1466 6253 ιι
1478 6202 1547 6269 editi,
1557 6204 1616 6270 quta
1628 6209 1661 6259 art
1679 6209 1725 6262 t'sta
1737 6208 1918 6262 recruduerit.
