4900 6892
356 656 426 714 iiii

356 782 415 826 tum
427 773 452 826 ei
463 769 504 840 qui
517 784 544 823 ee
558 768 642 838 diruit,
660 765 727 832 Quid
742 779 781 819 rrae
794 763 874 833 fecisti
893 761 950 816 sic?
967 761 1058 814 Aterion
1077 759 1150 813 hehet

356 870 509 933 potestantem
530 860 624 932 figulus
645 859 702 927 iuti,
721 873 753 912 ea
773 856 862 912 eadem
875 860 958 909 riunire
977 858 1060 927 [erue
1080 850 1151 906 uliud

354 953 462 1025 quiidem
475 969 519 1008 our
529 952 556 1006 iu
568 952 698 1022 honorem,
713 949 785 1004 uliud
796 965 822 1003 m
838 946 1037 1002 contumelium?
1050 944 1116 1000 l'iue
1128 943 1152 998 si

356 1063 415 1101 unuin
430 1052 560 1101 consonat
573 1042 756 1114 superioribus
769 1040 834 1105 suis,
856 1047 884 1094 et
904 1037 1029 1093 dissentit
1048 1052 1063 1091 a
1079 1036 1149 1092 tuis:

355 1140 405 1210 qni
422 1146 500 1208 putas
512 1137 563 1193 hoe
584 1136 684 1192 dictam
699 1133 844 1191 meandum
864 1131 958 1187 uerita
973 1131 1150 1194 voluntatum,

354 1239 453 1285 eoritra
464 1227 491 1284 id
503 1227 573 1298 qued
583 1227 642 1297 ipse
653 1226 701 1291 ait,
712 1224 775 1281 Cum
788 1225 853 1278 enim
867 1222 979 1277 nundum
992 1222 1046 1275 neti
1058 1229 1150 1286 essent,

353 1337 403 1374 uec
417 1317 515 1389 aliquid
528 1317 635 1390 egissent
650 1315 709 1370 doni
720 1316 760 1370 uei
772 1315 845 1381 muli,
859 1323 886 1368 ut
899 1313 1038 1367 seeundum
1051 1312 1152 1367 eiectio·

354 1427 416 1464 uena
429 1409 586 1480 propositum
598 1406 646 1461 liei
659 1414 780 1474 niuneret,
799 1420 851 1459 ueri
865 1404 1037 1476 exoperibus,
1057 1403 1102 1458 sed
1120 1419 1152 1457 eu

354 1510 466 1555 munte
475 1500 572 1554 dictum
583 1507 629 1563 est,
646 1496 713 1563 Quia
725 1497 809 1563 neojur
820 1496 908 1550 seruiet
922 1495 1013 1549 minori
1019 1510 1030 1560 ,·
1047 1502 1074 1550 et
1088 1509 1153 1549 con·

354 1600 398 1645 tra
413 1589 439 1645 id
452 1588 523 1660 quod
538 1589 596 1661 ipsc
610 1589 656 1655 ait,
670 1586 756 1660 igitur
768 1603 818 1642 nou
829 1587 943 1653 uolentis,
958 1602 1037 1655 neque
1048 1603 1153 1641 curreu-

356 1681 401 1747 tis,
415 1681 462 1735 sed
473 1680 613 1735 ndumentis
628 1687 663 1733 est
679 1678 736 1733 Der.
752 1676 807 1733 Nec
819 1677 906 1732 solum
917 1686 1010 1732 contra
1022 1675 1080 1730 hec
1091 1691 1151 1746 que

355 1777 565 1842 praecesserunt,
588 1785 680 1825 rerum
703 1770 784 1825 ctiam
806 1779 898 1823 contra
923 1768 966 1822 illa
980 1782 1039 1837 quae
1054 1767 1151 1822 suhse·

355 1870 489 1930 quantur.
501 1859 570 1916 Vasa
582 1859 681 1930 quippo
694 1860 741 1913 ire
755 1858 829 1924 dicit,
845 1873 903 1929 qnue
918 1868 981 1911 sunt
996 1856 1113 1928 perlecta
1125 1858 1151 1911 in

355 1953 552 2024 perditionem
576 1951 649 2022 quod
665 1952 791 2022 injustum
805 1961 886 2019 esset,
910 1951 960 2006 nisi
979 1951 1103 2006 omnihus
1119 1967 1151 2006 ex

355 2058 414 2097 uno
435 2044 464 2097 in
486 2041 737 2098 condemnationem
764 2042 931 2097 scurientihus
949 2040 1004 2111 jam
1027 2040 1151 2096 damarata

353 2149 448 2190 massa
467 2144 554 2203 esset:
565 2142 594 2189 et
605 2149 669 2189 rasa
683 2134 747 2189 dicit
761 2132 960 2197 misericordiae,
975 2149 1034 2202 quae
1050 2149 1152 2204 pracpa-

353 2223 429 2278 nuit
439 2224 467 2278 in
479 2223 606 2293 gloriam:
623 2223 656 2277 ad
672 2221 881 2278 miscricordiam
892 2223 988 2292 quippe
998 2232 1149 2293 gratuitam,

353 2329 411 2370 non
423 2313 551 2380 debitum,
563 2314 676 2384 pertinet
688 2313 721 2368 de
733 2328 820 2367 massa
835 2312 958 2367 damnate
973 2328 1035 2368 uasa
1051 2314 1077 2368 in
1092 2315 1151 2385 glo-

352 2388 431 2460 rians
440 2418 607 2476 praepamrc;
621 2421 670 2458 nen
682 2404 764 2459 seium
776 2420 808 2458 eur
820 2403 928 2470 iudeis,
944 2404 1096 2472 sicutdicit;
1107 2406 1152 2460 sed

352 2496 432 2550 mum
443 2511 477 2549 ee
488 2493 621 2562 Gentibus,
638 2503 745 2564 propter
757 2495 828 2564 quod
840 2496 913 2564 ponit
927 2495 1107 2551 testimonium
1118 2496 1151 2552 dc

352 2586 577 2658 Dseeprnphets,
591 2585 684 2640 Voconi
692 2603 740 2640 nou
748 2585 843 2658 piebem
851 2603 942 2654 meum,
952 2587 1047 2656 piebem
1058 2602 1152 2651 meam,·

351 2689 381 2736 et
394 2667 526 2746 de'lsaia,
540 2677 652 2749 Propter
666 2675 747 2733 lumel
760 2677 873 2748 reliquie
886 2678 962 2732 seium
974 2678 1045 2748 fient.
1062 2676 1097 2733 tu
1109 2693 1152 2732 au-

353 2779 410 2828 tent
423 2780 518 2828 essem
528 2770 588 2826 istm
598 2769 727 2841 reliquiae,
739 2770 823 2841 gratia
838 2770 885 2825 Dei
899 2752 996 2823 iactum
1009 2785 1068 2825 esse
1082 2770 1152 2825 testi·

352 2865 447 2918 onio
454 2869 585 2934 sequente
594 2860 683 2929 docet,
698 2876 746 2932 per
754 2860 877 2917 cumdem
893 2861 1048 2930 prophetam
1064 2860 1151 2916 dicen·

353 2962 422 3019 tent,
447 2951 507 3006 Nisi
529 2949 655 3006 Doutinus
676 2950 780 3006 suiuoth
802 2950 942 3022 reliquisset
964 2950 1034 3006 nohis
1055 2969 1148 3006 seriteu.

353 3043 460 3099 Deinde
473 3042 589 3098 ostendit
601 3041 701 3099 Gentes
722 3058 755 3098 ex
777 3043 828 3098 lide
842 3042 1050 3113 apprehendisse
1069 3043 1150 3112 justi·

352 3137 439 3190 dam:
453 3133 535 3190 lsrael
548 3143 637 3190 autem
653 3135 713 3190 ideo
726 3152 777 3190 non
789 3137 1007 3206 apprehendisse,
1020 3139 1080 3211 quia
1098 3155 1150 3192 riou

351 3242 387 3282 cs
402 3226 466 3293 lide,
485 3226 533 3282 sed
546 3236 672 3299 tanquam
685 3244 719 3283 cn
733 3230 868 3298 operihus.
883 3228 962 3285 Fides
974 3231 1044 3284 enim
1059 3229 1147 3296 habet,

350 3319 427 3389 quod
437 3319 580 3391 aliqnando
590 3328 651 3391 posi
664 3319 744 3376 dicit:
758 3320 883 3387 Quoniam
895 3324 975 3379 otltttt's
990 3322 1034 3394 qui
1048 3324 1149 3377 iuuencu-

351 3410 420 3463 eeiit
430 3426 521 3466 riomeu
533 3409 648 3478 Domini,
662 3411 748 3467 suiuus
757 3413 812 3468 erit.
826 3415 866 3470 hd
877 3430 955 3485 quam
968 3415 1080 3470 salutem
1091 3430 1151 3484 per·

280 3539 285 3555 .
353 3500 436 3569 tinet,
450 3510 480 3556 ut
492 3516 573 3572 opera
596 3503 665 3557 hona
686 3513 714 3559 ct
732 3503 834 3573 justitia
857 3504 934 3561 nnius
948 3521 981 3559 ex
997 3505 1052 3560 Deo
1066 3505 1148 3569 sint¹,

352 3606 411 3645 noir
425 3607 457 3646 er
472 3592 558 3647 nohis.
575 3592 688 3663 Propter
700 3594 782 3664 quod,
797 3592 830 3649 de
849 3596 959 3667 illisqui
975 3611 1026 3650 riou
1041 3611 1073 3650 er
1086 3595 1148 3660 sude,

352 3681 403 3736 sed
421 3691 545 3751 tanquam
559 3698 591 3737 ex
605 3683 730 3754 operibus
749 3683 916 3740 offenderunt
929 3686 955 3739 in
972 3685 1086 3755 liquidem
1111 3685 1151 3740 ul·

353 3774 498 3840 icosiuuis,
514 3775 644 3845 sequitur,
667 3783 695 3830 et
717 3775 782 3830 dicit
800 3794 807 3831 z
828 3759 943 3840 Fratres,
959 3777 1021 3831 ierne
1036 3779 1150 3835 uoluerunt

353 3866 460 3933 quidem
473 3866 555 3920 cordis
567 3867 626 3934 mei,
642 3874 666 3920 ct
684 3867 827 3937 deprecatio
841 3867 875 3920 ud
889 3868 971 3921 Deum
992 3885 1038 3937 pro
1057 3871 1107 3922 iilis
1125 3869 1150 3924 iu

353 3956 466 4010 sulutem
477 3971 486 4010 .·
498 3956 665 4011 testimenium
675 3957 742 4011 enim
753 3956 868 4026 perhiieo
879 3957 930 4012 iilis
939 3959 999 4026 quta
1011 3958 1093 4012 zelum
1105 3957 1151 4013 Dei

352 4048 461 4115 hubent,
476 4048 520 4103 sed
533 4065 585 4103 nen
596 4049 734 4104 seeundum
753 4049 891 4104 scientiane.
916 4047 1066 4120 ignoruntes
1085 4050 1151 4103 enirn

351 4138 405 4194 Dei
418 4140 547 4210 justitium
561 4149 583 4195 et
597 4157 671 4195 suum
684 4141 812 4212 justitium
832 4148 969 4209 querentes
991 4140 1149 4203 constituere,

349 4230 463 4303 justitie
476 4228 523 4286 Dei
536 4247 587 4285 nou
605 4241 664 4285 sum
682 4230 787 4301 subjecti
802 4230 889 4303 (lium.
902 4247 938 4297 rx,
955 4229 987 4294 u;
1002 4245 1036 4293 x,
1051 4231 1078 4294 5,
1095 4230 1150 4300 ld).

353 4320 438 4390 Quod
451 4321 561 4375 omnine
574 4330 601 4376 et
613 4337 661 4378 ros
672 4321 758 4377 lachis
768 4339 774 4375 z
785 4322 914 4392 justitiam
924 4323 1022 4393 quippe
1035 4330 1151 4377 nestram

353 4411 440 4467 uultis
447 4412 621 4478 constituere,
631 4413 673 4468 cui
681 4412 753 4469 Deus
763 4413 908 4468 secuudum
918 4413 1012 4468 merita
1024 4412 1153 4467 retribuat

350 4502 487 4578 grstiam;
502 4518 552 4558 nec
574 4504 652 4559 sultis
664 4504 774 4576 gratiam
790 4503 836 4560 Dei
853 4503 1014 4574 praendere,
1031 4519 1091 4574 qum
1105 4517 1152 4558 vos

387 4633 488 4704 ¹ruiti,
504 4639 531 4684 ut
545 4645 619 4698 epea
642 4633 704 4685 tono
722 4633 785 4695 rint,
805 4639 829 4686 ei
844 4632 940 4697 justitie
959 4634 1027 4687 mdis
1046 4646 1080 4687 ee
1102 4644 1153 4687 uuo

352 4701 399 4749 nt.
416 4700 566 4758 msigaamr
582 4709 614 4746 ex
630 4695 679 4748 lide
696 4705 736 4746 tis.
752 4704 815 4749 eon.

1014 640 1321 720 unususuuunous.

1932 647 2003 704 tlte

1206 758 1286 815 iaciat
1298 759 1396 815 hahere
1405 759 1545 831 justitiam.
1562 759 1662 816 Deinde
1675 773 1794 816 connexa
1809 761 1916 817 sibimet
1930 762 2002 815 serie

1205 851 1402 922 disputationis,
1427 853 1459 906 ad
1483 852 1547 907 illud
1567 854 1697 922 pervenit,
1713 852 1758 908 uhi
1772 852 1820 917 ait,
1843 851 1907 907 Diuo
1929 868 2000 921 ergo,

1207 941 1339 1010 Numquid
1362 945 1455 1013 repulit
1474 941 1545 998 Deus
1569 942 1665 1012 where
1686 943 1777 998 suunt?
1793 942 1866 1018 elisit
1880 958 1890 996 ε
1903 957 1962 996 nuru
1977 952 2002 995 ut

1205 1049 1250 1105 ega
1265 1030 1384 1088 Israelita
1396 1051 1464 1100 sunt,
1477 1035 1615 1089 exsemine
1628 1033 1766 1100 Ahruirum,
1781 1049 1813 1088 es
1829 1032 1895 1087 trihu
1908 1031 2004 1100 Doriu-

1205 1125 1257 1180 miu
1269 1142 1279 1180 .·
1291 1143 1342 1180 neu
1354 1127 1445 1196 repulit
1466 1125 1533 1181 Deus
1554 1126 1649 1195 piebem
1667 1143 1750 1191 suuni,
1765 1143 1840 1198 quum
1862 1125 1997 1193 prescivit,

1205 1221 1245 1274 Au
1258 1222 1358 1274 nescitis
1368 1222 1394 1273 iu
1407 1220 1465 1275 etin
1476 1220 1537 1291 quid
1547 1220 1607 1274 dicit
1625 1219 1770 1289 Scriptura,
1785 1217 1996 1288 quemadmodum

1204 1313 1349 1383 interpellet
1363 1311 1444 1367 Deum
1458 1313 1578 1367 aduersus
1596 1310 1698 1366 lsrael?
1722 1311 1840 1375 Domine,
1862 1309 1999 1379 prophetui

1206 1413 1262 1458 tuoe
1272 1404 1425 1470 occiduunt,
1437 1414 1460 1458 et
1468 1403 1560 1458 uiturie
1570 1412 1614 1456 tue
1626 1400 1794 1469 suffuderunt,
1806 1410 1828 1455 et
1838 1417 1883 1472 equ
1896 1398 1998 1453 reiirtus

1204 1512 1261 1550 sum
1274 1496 1353 1563 euius,
1369 1503 1392 1550 et
1405 1504 1520 1566 quierunt
1534 1495 1646 1547 unimam
1667 1509 1758 1546 meum.
1782 1490 1835 1545 Sed
1854 1490 1916 1556 quid
1939 1489 1999 1542 dicit

1205 1587 1244 1641 iiii
1257 1603 1405 1659 responsum
1418 1586 1548 1640 diuinum?
1564 1585 1665 1653 Reliqui
1677 1586 1738 1638 milri
1758 1594 1852 1653 septena
1867 1583 1947 1636 miiiiu
1962 1584 1999 1634 ri-

1204 1695 1301 1742 rorum,
1317 1679 1419 1745 quinon
1432 1685 1596 1731 romermunt
1609 1692 1675 1748 gerru
1685 1673 1826 1728 uriteDoei.
1842 1672 1888 1729 Sic
1898 1656 1960 1743 'erpo
1976 1683 1998 1725 et

1205 1771 1231 1824 in
1244 1772 1292 1825 hoe
1306 1781 1416 1840 tempore
1433 1770 1547 1840 reliquiae
1568 1787 1613 1841 per
1634 1769 1778 1822 eiectionem
1800 1767 1907 1838 grutire¹
1924 1769 1999 1835 [uetes

1204 1871 1272 1916 sunt.
1288 1863 1318 1916 Si
1332 1873 1416 1915 aarum
1437 1863 1529 1933 gratio,
1549 1862 1670 1929 jamnon
1685 1876 1716 1914 eu
1734 1859 1850 1927 operibns
1861 1873 1870 1920 ,·
1883 1858 1998 1924 alioquin

1204 1954 1288 2024 gretie
1297 1954 1354 2024 jum
1369 1971 1419 2008 nun
1434 1963 1470 2008 est
1486 1955 1578 2025 gratie.
1595 1953 1695 2008 Deinde
1710 1953 1770 2007 ride
1783 1951 1845 2021 quid
1859 1951 1996 2019 adjungat.

1206 2044 1275 2108 Quid
1289 2061 1358 2115 crgo,
1371 2045 1473 2114 inquit?
1483 2045 1559 2112 Quod
1579 2047 1704 2113 querebat
1727 2043 1820 2108 israel,
1837 2042 1884 2095 hee
1896 2057 1946 2094 nort
1961 2051 1997 2094 est

1204 2147 1351 2191 consecutus
1361 2155 1370 2190 .·
1381 2137 1468 2191 eiectio
1486 2146 1571 2190 autem
1583 2145 1717 2190 corrseemu
1737 2143 1784 2189 est.
1806 2133 1859 2190 siu
1874 2132 1997 2202 superius

1203 2231 1308 2299 respice
1319 2229 1404 2299 qualis
1416 2228 1520 2292 electio,
1534 2228 1577 2282 alu
1593 2229 1645 2282 ait:
1659 2227 1780 2291 uertente
1793 2242 1838 2296 per
1851 2223 1998 2280 eiectionem

1204 2323 1293 2394 gratie
1303 2323 1442 2391 {uctoeeunt
1453 2322 1491 2375 :si
1498 2330 1582 2375 eutem
1591 2321 1684 2389 gretie,
1691 2321 1747 2388 jaim
1762 2335 1813 2373 uon
1826 2334 1857 2371 ex
1868 2316 1995 2385 operibus.

1203 2415 1237 2469 Et
1247 2414 1298 2469 hoc
1312 2414 1394 2468 refert
1407 2412 1441 2466 aul
1463 2412 1536 2475 illud,
1562 2411 1631 2465 unde
1653 2411 1796 2479 disputatio
1809 2411 1858 2463 ista
1874 2407 2014 2478 prolecta·

1204 2517 1263 2562 est:
1277 2504 1341 2561 Cum
1354 2506 1420 2559 eninr
1432 2503 1545 2558 nondum
1558 2503 1610 2556 auti
1625 2513 1716 2566 esseut,
1730 2517 1810 2570 mque
1823 2498 1919 2569 aliquid
1931 2501 1998 2568 egie-

1203 2598 1328 2652 sentiani
1341 2605 1384 2649 aut
1398 2594 1470 2662 nauli,
1482 2602 1511 2648 ut
1523 2593 1663 2648 secundumn
1676 2593 1822 2647 eiectionem
1838 2593 1997 2662 propositum

1204 2686 1252 2740 Dei
1264 2695 1375 2740 nrunmet
1383 2700 1393 2749 ,·
1408 2702 1459 2738 nou
1472 2681 1640 2754 exoperibus.
1656 2683 1718 2737 llaec
1731 2693 1772 2736 est
1785 2683 1881 2736 electio
1893 2684 1996 2752 gratia,

1203 2795 1256 2834 non
1268 2794 1299 2833 er
1311 2778 1444 2846 operibus,
1462 2793 1512 2846 qua
1524 2779 1534 2808 ¹
1546 2777 1613 2830 llunt
1624 2790 1685 2829 nasa
1697 2776 1723 2829 in
1737 2774 1878 2839 hurmrem,
1893 2785 1921 2828 ut
1930 2778 1998 2829 hona
2089 2764 2093 2772 ’

1203 2883 1284 2939 opera
1298 2866 1398 2923 iaciant
1408 2887 1414 2920 z
1425 2869 1487 2937 quia
1498 2869 1565 2921 houna
1574 2880 1657 2935 opera
1665 2866 1863 2935 subsequuntur
1873 2868 1996 2937 gratiani,

1203 2979 1257 3019 non
1273 2961 1441 3036 praecedunt3
1456 2960 1581 3029 quoniam
1592 2959 1676 3029 gratia
1692 2958 1738 3013 Dei
1755 2958 1818 3013 lacit
1830 2969 1858 3012 ut
1872 2975 1902 3014 ea
1918 2960 1998 3012 lacia-

1203 3072 1278 3122 mus;
1296 3053 1697 3122 acccorastituamus·justitiam
1723 3062 1853 3117 oestrum,
1879 3053 1926 3107 sed
1952 3053 1997 3105 liei

1201 3147 1302 3217 justitie
1315 3146 1350 3200 sit
1363 3145 1388 3199 in
1402 3144 1491 3209 nohis,
1506 3143 1596 3207 idest,
1612 3159 1691 3213 quam
1715 3143 1798 3198 diruat
1820 3145 1890 3199 lteus
1909 3143 1996 3197 indiis.

1203 3238 1293 3293 Ceteri
1304 3255 1359 3291 uere
1370 3238 1486 3292 excecati
1497 3246 1555 3290 suut
1563 3234 1650 3307 (Rom.
1661 3253 1698 3299 xi,
1708 3239 1733 3301 l,
1743 3236 1772 3307 i)
1783 3256 1789 3290 :
1806 3237 1857 3292 hoe
1873 3246 1914 3291 est
1924 3236 1997 3304 iudi·

1203 3331 1285 3396 cinara,
1302 3344 1356 3400 ‹puo
1372 3329 1436 3383 liunt
1448 3343 1509 3382 uasa
1525 3329 1551 3381 in
1567 3329 1772 3393 coaitumeliam;
1787 3344 1820 3384 er
1832 3344 1885 3398 quo
1895 3328 1996 3397 judicio

1203 3418 1304 3473 dictum
1317 3426 1368 3481 est,
1386 3417 1455 3472 Esau
1468 3426 1551 3471 autem
1566 3417 1625 3472 odie
1636 3417 1721 3471 hebui.
1737 3415 1839 3486 Exque
1849 3418 1949 3488 judicio
1959 3418 1998 3470 di·

1203 3519 1275 3564 ctum
1288 3517 1330 3562 est
1341 3507 1422 3562 ctiam
1433 3506 1576 3571 Pharaoni,
1591 3506 1632 3560 ald
1644 3506 1691 3560 hec
1706 3515 1729 3560 te
1741 3508 1855 3560 extimui
1865 3506 1941 3561 Unde
1951 3522 1998 3574 apr-

1203 3608 1280 3670 paret
1292 3612 1339 3652 vos
1351 3597 1389 3652 sie
1401 3596 1590 3665 intelligentes,
1600 3597 1641 3650 vel
1655 3595 1742 3665 petius
1755 3611 1807 3649 nori
1819 3595 1998 3665 intelligentes

1204 3689 1373 3760 Apostolum,
1385 3686 1552 3756 exoperibus
1564 3694 1657 3742 contra
1672 3686 1783 3756 gratiam
1796 3685 1865 3740 selle
1877 3686 1996 3755 gloriari,

1203 3790 1230 3837 et
1243 3791 1358 3836 vestram
1368 3779 1497 3848 justitiam
1509 3778 1629 3834 volentes
1642 3778 1815 3842 corastitucre,
1828 3777 1937 3848 justitiae
1950 3778 1997 3832 Dei

1204 3889 1256 3926 non
1271 3887 1332 3928 esse
1346 3869 1490 3940 sulijectos.
1502 3869 1557 3924 Nus
1571 3885 1637 3925 uero
1650 3870 1732 3925 Deum
1747 3869 1855 3937 quidem
1871 3869 1998 3939 partulo-

1203 3978 1262 4017 rum
1277 3964 1398 4033 upihcem
1413 3960 1607 4030 predicamus:
1621 3959 1668 4015 scd
1682 3975 1715 4015 ex
1730 3959 1822 4015 eadem
1838 3974 1927 4015 massa
1940 3978 1998 4016 me·

1204 4053 1276 4106 diurn
1291 4054 1378 4107 lucum
1393 4052 1471 4116 vasis,
1489 4052 1533 4106 uhi
1555 4067 1607 4107 nce
1625 4053 1650 4105 in
1665 4052 1795 4107 honorem
1818 4052 1892 4120 stant,
1909 4068 1957 4108 ncc
1972 4055 1998 4107 in

1204 4143 1404 4204 corutumeliam,
1419 4157 1497 4211 quent
1512 4158 1563 4196 nun
1575 4142 1647 4196 dedit
1659 4143 1811 4210 Apostolus,
1823 4158 1875 4196 non
1888 4143 1997 4207 daums;

1204 4233 1275 4305 quod
1288 4248 1336 4287 nos
1359 4232 1480 4286 iaciendo
1504 4232 1652 4286 evaderetis
1672 4232 1801 4300 judicium
1823 4233 1879 4298 Dei,
1898 4234 1920 4287 si
1935 4248 1997 4287 cum

1205 4324 1389 4380 tantummode
1402 4324 1617 4385 Manichaeorum,
1633 4331 1660 4377 et
1682 4338 1734 4377 non
1750 4325 1868 4376 oraiuinm
1889 4324 1996 4378 issereti-

1205 4433 1297 4473 corum
1308 4417 1491 4471 damnatorem
1501 4415 1685 4470 demonstrare
1697 4414 1820 4490 possetis.

1238 4575 1246 4605 ¹
1262 4569 1398 4631 vigariurius
1408 4568 1447 4618 hic
1457 4575 1484 4618 et
1495 4567 1555 4616 lirim
1565 4569 1588 4615 in
1599 4578 1629 4617 eo
1640 4566 1704 4617 t‘auli
1716 4566 1999 4618 tcsdmoniocouuautcr

1205 4633 1280 4690 addit,
1292 4628 1374 4681 salue.

1238 4692 1324 4757 ¹itpud
1334 4691 1429 4751 liudem,
1443 4688 1508 4754 qttie.

823 4962 1061 5068 LIBER
1090 4954 1529 5067 SECUNDUS.

386 5141 514 5194 aciellitur
523 5141 585 5194 liber
596 5145 682 5196 Juliaui
692 5145 722 5197 ad
734 5148 967 5205 telorumsecunuus,
978 5148 1061 5206 quide
1073 5145 1121 5196 illis
1133 5152 1171 5197 cst
1181 5142 1285 5207 apostoli
1296 5143 1386 5199 verhis,
1400 5142 1429 5191 al
1442 5149 1557 5191 uomarros
1568 5157 1591 5203 r,
1607 5151 1652 5193 rer
1663 5155 1737 5193 uuum
1748 5142 1867 5194 lmnanem
1876 5153 2001 5209 peceatum

348 5203 379 5249 iu
391 5206 460 5255 mue
470 5208 586 5255 mundum
595 5202 702 5280 introiit,
714 5214 737 5259 et
745 5222 787 5282 per
798 5215 923 5276 peucetiam
932 5223 997 5261 mors
1006 5223 1014 5270 ;
1023 5211 1087 5281 etita
1097 5210 1212 5259 inermes
1222 5203 1337 5276 hundius,
1351 5212 1399 5252 etc.
1409 5202 1574 5276 tuliauuarhic
1584 5206 1678 5278 rejecto
1687 5203 2002 5316 muliplicosousujseeun·

349 5267 502 5331 mquam
523 5270 668 5331 augustinus
690 5284 714 5319 m
735 5269 796 5321 lrhro
813 5272 921 5323 mundo
938 5272 971 5321 de
986 5273 1077 5333 uupttis
1095 5277 1122 5319 ct
1142 5273 1353 5338 coneipiscentia,
1379 5273 1458 5325 eapite
1477 5279 1593 5330 vagesuun
1613 5274 1732 5331 septumo,
1752 5269 1874 5317 caserta

1910 5269 2003 5319 eade

351 5335 460 5389 memte
471 5331 631 5392 ueneratione
642 5333 668 5382 in
679 5345 765 5384 oannes·
776 5335 850 5396 ipsius
860 5341 970 5397 posteros
981 5332 1121 5383 transnusso
1131 5328 1261 5392 exposuit)
1272 5326 1361 5375 trusus
1374 5324 1492 5386 laborare,
1505 5335 1533 5376 ut
1542 5328 1675 5378 secundum
1687 5326 1837 5389 uaahgiauam
1846 5327 1959 5379 laercsim
1970 5330 2006 5380 do

353 5387 477 5450 exemplo
487 5391 588 5454 poecati,
601 5405 650 5442 nnn
661 5394 687 5443 in
695 5406 780 5445 omnes
790 5403 909 5458 posteros,
921 5394 965 5446 sud
977 5397 1002 5445 in
1010 5399 1141 5458 pectantes
1151 5397 1244 5444 tautum
1255 5388 1388 5438 imitatione
1399 5390 1564 5451 transeuntis,
1577 5388 1753 5452 intelligantur.

1085 5519 1271 5578 ΜΝ

396 5640 418 5693 Ι.
439 5639 574 5700 dotianus.
596 5642 742 5700 Cuirnnode
764 5647 900 5701 nobiscum
922 5658 1056 5719 ageretur,
1072 5648 1094 5702 si
1109 5654 1155 5700 aut

356 5732 433 5804 apud
446 5733 566 5790 cruditos
578 5736 680 5806 judices
692 5740 827 5810 negotium
840 5740 958 5797 veritatis
968 5742 1035 5798 tueri
1047 5742 1155 5800 daretur

355 5823 495 5890 dormitam
517 5835 563 5881 aut
584 5828 646 5896 quia
672 5828 722 5884 hoe
745 5830 850 5887 iuterim
871 5843 992 5903 negatur,
1015 5834 1058 5890 vel
1081 5833 1155 5892 nullo

342 5914 547 6001 'imperitorum
562 5916 803 5976 obverberaremur
818 5924 940 5979 tumultu.

395 6010 576 6064 hueusrrsus.
597 6007 675 6066 Tales
695 6023 768 6067 certe
788 6013 907 6069 eruditus
926 6016 1029 6084 iudices
1046 6020 1153 6088 queris,

354 6100 404 6169 qui
427 6099 475 6157 uisi
497 6100 595 6156 iueriut
614 6102 711 6158 cacttlti
727 6112 752 6158 ct
768 6105 854 6159 ostioli
869 6105 1021 6163 lihumlihns
1036 6111 1061 6164 lli
1078 6112 1152 6179 cipli·

1208 5641 1262 5707 nis,
1279 5656 1366 5712 ncqnc
1388 5642 1569 5713 ignoraverint
1585 5645 1648 5715 quid
1670 5648 1802 5705 senserint
1821 5649 1902 5706 ctiam
1923 5648 2001 5718 liujus

1207 5732 1301 5788 murrdi
1314 5733 1323 5764 ¹
1337 5733 1497 5803 philosophi,
1514 5734 1547 5789 dc
1563 5736 1615 5791 tuis
1632 5736 1711 5793 dietis
1728 5739 1848 5809 judicare
1866 5754 1919 5792 nnn
1940 5752 2001 5806 pos-

1208 5821 1275 5879 sint.
1288 5822 1361 5878 Talis
1376 5825 1419 5879 hic
1433 5834 1490 5879 crat
1501 5825 1669 5892 Ambrosius,
1685 5845 1764 5900 quem
1777 5829 1893 5898 judicem
1909 5826 1931 5879 si
1947 5840 2001 5881 non

1206 5917 1315 5985 refugis,
1326 5915 1447 5972 dubitare
1461 5935 1513 5972 nun
1526 5918 1618 5985 debes,
1631 5921 1776 5992 justissimo
1786 5931 1812 5975 tc
1823 5933 1882 5974 esse
1891 5917 2000 5971 dmnna·

1207 6017 1272 6062 trinua.
1299 6007 1345 6064 ille
1358 6008 1429 6063 enim
1442 6009 1506 6064 dixit
1522 6056 1528 6074 ,
1547 6015 1668 6071 ullrrrues
1684 6014 1804 6070 liurrriues
1818 6012 1867 6066 suh
1888 6022 1998 6080 peceato

1237 6125 1302 6175 'llss
1320 6125 1376 6175 liar.
1395 6128 1594 6187 ctnom.,·¹:1uli.
