<?xml version="1.0" encoding="UTF-8"?>
<!DOCTYPE html PUBLIC "-//W3C//DTD XHTML 1.0 Transitional//EN"
    "http://www.w3.org/TR/xhtml1/DTD/xhtml1-transitional.dtd">
<html xmlns="http://www.w3.org/1999/xhtml" xml:lang="en" lang="en">
 <head>
  <title>
</title>
<meta http-equiv="Content-Type" content="text/html;charset=utf-8" />
  <meta name='ocr-system' content='tesseract 3.04.00' />
  <meta name='ocr-capabilities' content='ocr_page ocr_carea ocr_par ocr_line ocrx_word'/>
</head>
<body>
  <div class='ocr_page' id='page_1' title='image "./patrologiaecurs58unkngoog/patrologiaecurs58unkngoog_0105.png"; bbox 0 0 4900 6892; ppageno 0'>
   <div class='ocr_carea' id='block_1_1' title="bbox 403 684 1199 2494">
    <p class='ocr_par' dir='ltr' id='par_1_1' title="bbox 403 684 1195 1230">
     <span class='ocr_line' id='line_1_1' title="bbox 405 684 474 742; baseline 0 0"><span class='ocrx_word' id='word_1_1' title='bbox 405 684 474 742; x_wconf 86' lang='lat' dir='ltr'><strong>ttt⁵</strong></span> 
     </span>
     <span class='ocr_line' id='line_1_2' title="bbox 404 787 1191 862; baseline -0.01 -12"><span class='ocrx_word' id='word_1_2' title='bbox 404 806 458 850; x_wconf 83' lang='lat' dir='ltr'><strong>uon</strong></span> <span class='ocrx_word' id='word_1_3' title='bbox 472 792 513 847; x_wconf 85' lang='lat' dir='ltr'><strong>bts</strong></span> <span class='ocrx_word' id='word_1_4' title='bbox 527 791 572 862; x_wconf 92' lang='lat' dir='ltr'><strong>qui</strong></span> <span class='ocrx_word' id='word_1_5' title='bbox 586 788 701 862; x_wconf 80' lang='lat' dir='ltr'><strong>flagitia,</strong></span> <span class='ocrx_word' id='word_1_6' title='bbox 716 791 783 844; x_wconf 90' lang='lat' dir='ltr'><strong>sicut</strong></span> <span class='ocrx_word' id='word_1_7' title='bbox 795 787 875 856; x_wconf 87' lang='lat' dir='ltr'><strong>dicis,</strong></span> <span class='ocrx_word' id='word_1_8' title='bbox 894 787 920 844; x_wconf 88' lang='lat' dir='ltr'><strong>in</strong></span> <span class='ocrx_word' id='word_1_9' title='bbox 935 788 1119 844; x_wconf 76' lang='lat' dir='ltr'><strong>neccessitatem</strong></span> <span class='ocrx_word' id='word_1_10' title='bbox 1133 803 1191 843; x_wconf 89' lang='lat' dir='ltr'><strong>car·</strong></span> 
     </span>
     <span class='ocr_line' id='line_1_3' title="bbox 403 880 1193 953; baseline -0.009 -11"><span class='ocrx_word' id='word_1_11' title='bbox 403 887 446 942; x_wconf 87' lang='lat' dir='ltr'><strong>nis</strong></span> <span class='ocrx_word' id='word_1_12' title='bbox 463 884 623 949; x_wconf 87' lang='lat' dir='ltr'><strong>refundunt;</strong></span> <span class='ocrx_word' id='word_1_13' title='bbox 643 883 690 938; x_wconf 89' lang='lat' dir='ltr'><strong>sod</strong></span> <span class='ocrx_word' id='word_1_14' title='bbox 704 883 746 938; x_wconf 90' lang='lat' dir='ltr'><strong>his</strong></span> <span class='ocrx_word' id='word_1_15' title='bbox 758 883 802 953; x_wconf 88' lang='lat' dir='ltr'><strong>qui</strong></span> <span class='ocrx_word' id='word_1_16' title='bbox 821 893 848 936; x_wconf 92' lang='lat' dir='ltr'><strong>ut</strong></span> <span class='ocrx_word' id='word_1_17' title='bbox 863 884 890 936; x_wconf 94' lang='lat' dir='ltr'><strong>in</strong></span> <span class='ocrx_word' id='word_1_18' title='bbox 906 881 1065 936; x_wconf 74' lang='lat' dir='ltr'><strong>tentationes</strong></span> <span class='ocrx_word' id='word_1_19' title='bbox 1082 880 1193 948; x_wconf 85' lang='lat' dir='ltr'><strong>flagitio-</strong></span> 
     </span>
     <span class='ocr_line' id='line_1_4' title="bbox 405 969 1194 1043; baseline -0.013 -10"><span class='ocrx_word' id='word_1_20' title='bbox 405 992 465 1033; x_wconf 84' lang='lat' dir='ltr'><strong>runt</strong></span> <span class='ocrx_word' id='word_1_21' title='bbox 488 991 540 1031; x_wconf 93' lang='lat' dir='ltr'><strong>nou</strong></span> <span class='ocrx_word' id='word_1_22' title='bbox 567 973 731 1041; x_wconf 89' lang='lat' dir='ltr'><strong>inferantur,</strong></span> <span class='ocrx_word' id='word_1_23' title='bbox 761 988 853 1043; x_wconf 85' lang='lat' dir='ltr'><strong>preces</strong></span> <span class='ocrx_word' id='word_1_24' title='bbox 875 973 930 1027; x_wconf 80' lang='lat' dir='ltr'><strong>lico</strong></span> <span class='ocrx_word' id='word_1_25' title='bbox 952 970 1082 1035; x_wconf 91' lang='lat' dir='ltr'><strong>fundunt,</strong></span> <span class='ocrx_word' id='word_1_26' title='bbox 1107 969 1194 1039; x_wconf 86' lang='lat' dir='ltr'><strong>flgitur</strong></span> 
     </span>
     <span class='ocr_line' id='line_1_5' title="bbox 404 1062 1195 1128; baseline -0.011 -6"><span class='ocrx_word' id='word_1_27' title='bbox 404 1067 514 1123; x_wconf 83' lang='lat' dir='ltr'><strong>aculeus</strong></span> <span class='ocrx_word' id='word_1_28' title='bbox 536 1064 721 1120; x_wconf 82' lang='lat' dir='ltr'><strong>sollicitudinis</strong></span> <span class='ocrx_word' id='word_1_29' title='bbox 741 1072 768 1118; x_wconf 92' lang='lat' dir='ltr'><strong>ct</strong></span> <span class='ocrx_word' id='word_1_30' title='bbox 780 1064 898 1128; x_wconf 82' lang='lat' dir='ltr'><strong>timoris,</strong></span> <span class='ocrx_word' id='word_1_31' title='bbox 919 1077 953 1117; x_wconf 90' lang='lat' dir='ltr'><strong>ue</strong></span> <span class='ocrx_word' id='word_1_32' title='bbox 966 1062 1134 1117; x_wconf 80' lang='lat' dir='ltr'><strong>consentiant</strong></span> <span class='ocrx_word' id='word_1_33' title='bbox 1148 1075 1195 1114; x_wconf 89' lang='lat' dir='ltr'><strong>sn·</strong></span> 
     </span>
     <span class='ocr_line' id='line_1_6' title="bbox 404 1149 1194 1230; baseline -0.006 -20"><span class='ocrx_word' id='word_1_34' title='bbox 404 1149 1194 1230; x_wconf 82' lang='lat' dir='ltr'><strong>perbissinrisctDeoingratissimisdisputationibusrestris.</strong></span> 
     </span>
    </p>

    <p class='ocr_par' dir='ltr' id='par_1_2' title="bbox 406 1239 1199 2404">
     <span class='ocr_line' id='line_1_7' title="bbox 441 1239 1195 1312; baseline -0.009 -10"><span class='ocrx_word' id='word_1_35' title='bbox 441 1245 510 1302; x_wconf 73' lang='lat' dir='ltr'><strong>i&#39;lll.</strong></span> <span class='ocrx_word' id='word_1_36' title='bbox 523 1245 581 1302; x_wconf 79' lang='lat' dir='ltr'><strong>lor..</strong></span> <span class='ocrx_word' id='word_1_37' title='bbox 599 1245 745 1309; x_wconf 83' lang='lat' dir='ltr'><strong>l&#39;ostremo,</strong></span> <span class='ocrx_word' id='word_1_38' title='bbox 761 1244 787 1298; x_wconf 92' lang='lat' dir='ltr'><strong>in</strong></span> <span class='ocrx_word' id='word_1_39' title='bbox 800 1242 928 1298; x_wconf 87' lang='lat' dir='ltr'><strong>Ecclesiis</strong></span> <span class='ocrx_word' id='word_1_40' title='bbox 938 1257 997 1312; x_wconf 73' lang='lat' dir='ltr'><strong>queo</strong></span> <span class='ocrx_word' id='word_1_41' title='bbox 1009 1256 1133 1312; x_wconf 91' lang='lat' dir='ltr'><strong>maguum</strong></span> <span class='ocrx_word' id='word_1_42' title='bbox 1148 1239 1195 1295; x_wconf 92' lang='lat' dir='ltr'><strong>lro·</strong></span> 
     </span>
     <span class='ocr_line' id='line_1_8' title="bbox 406 1332 1196 1407; baseline -0.014 -11"><span class='ocrx_word' id='word_1_43' title='bbox 406 1355 500 1396; x_wconf 89' lang='lat' dir='ltr'><strong>uorcrn</strong></span> <span class='ocrx_word' id='word_1_44' title='bbox 514 1339 522 1370; x_wconf 83' lang='lat'><strong>¹</strong></span> <span class='ocrx_word' id='word_1_45' title='bbox 538 1349 565 1393; x_wconf 92' lang='lat' dir='ltr'><strong>et</strong></span> <span class='ocrx_word' id='word_1_46' title='bbox 579 1352 703 1406; x_wconf 89' lang='lat' dir='ltr'><strong>maguum</strong></span> <span class='ocrx_word' id='word_1_47' title='bbox 723 1336 850 1407; x_wconf 92' lang='lat' dir='ltr'><strong>populum</strong></span> <span class='ocrx_word' id='word_1_48' title='bbox 874 1334 1042 1405; x_wconf 80' lang='lat' dir='ltr'><strong>possideant,</strong></span> <span class='ocrx_word' id='word_1_49' title='bbox 1058 1332 1196 1403; x_wconf 78' lang='lat' dir='ltr'><strong>praedicari</strong></span> 
     </span>
     <span class='ocr_line' id='line_1_9' title="bbox 407 1423 1196 1499; baseline -0.014 -12"><span class='ocrx_word' id='word_1_50' title='bbox 407 1441 508 1487; x_wconf 79' lang='lat' dir='ltr'><strong>tautmrr</strong></span> <span class='ocrx_word' id='word_1_51' title='bbox 521 1430 573 1485; x_wconf 88' lang='lat' dir='ltr'><strong>rim</strong></span> <span class='ocrx_word' id='word_1_52' title='bbox 587 1444 647 1485; x_wconf 88' lang='lat' dir='ltr'><strong>esse</strong></span> <span class='ocrx_word' id='word_1_53' title='bbox 666 1430 784 1499; x_wconf 90' lang='lat' dir='ltr'><strong>peccati,</strong></span> <span class='ocrx_word' id='word_1_54' title='bbox 808 1437 837 1483; x_wconf 92' lang='lat' dir='ltr'><strong>ut</strong></span> <span class='ocrx_word' id='word_1_55' title='bbox 856 1436 918 1482; x_wconf 91' lang='lat' dir='ltr'><strong>ante</strong></span> <span class='ocrx_word' id='word_1_56' title='bbox 939 1424 1119 1481; x_wconf 89' lang='lat' dir='ltr'><strong>membrorum</strong></span> <span class='ocrx_word' id='word_1_57' title='bbox 1141 1423 1196 1478; x_wconf 89' lang='lat' dir='ltr'><strong>for-</strong></span> 
     </span>
     <span class='ocr_line' id='line_1_10' title="bbox 407 1514 1197 1587; baseline -0.011 -10"><span class='ocrx_word' id='word_1_58' title='bbox 407 1536 488 1586; x_wconf 88' lang='lat' dir='ltr'><strong>mum,</strong></span> <span class='ocrx_word' id='word_1_59' title='bbox 504 1529 567 1576; x_wconf 88' lang='lat' dir='ltr'><strong>ante</strong></span> <span class='ocrx_word' id='word_1_60' title='bbox 579 1519 682 1574; x_wconf 89' lang='lat' dir='ltr'><strong>initium</strong></span> <span class='ocrx_word' id='word_1_61' title='bbox 696 1516 892 1587; x_wconf 80' lang='lat' dir='ltr'><strong>adventumque</strong></span> <span class='ocrx_word' id='word_1_62' title='bbox 904 1517 1010 1582; x_wconf 80' lang='lat' dir='ltr'><strong>animm,</strong></span> <span class='ocrx_word' id='word_1_63' title='bbox 1024 1515 1103 1585; x_wconf 83' lang='lat' dir='ltr'><strong>jactis</strong></span> <span class='ocrx_word' id='word_1_64' title='bbox 1116 1514 1197 1569; x_wconf 89' lang='lat' dir='ltr'><strong>serni·</strong></span> 
     </span>
     <span class='ocr_line' id='line_1_11' title="bbox 409 1604 1197 1681; baseline -0.01 -15"><span class='ocrx_word' id='word_1_65' title='bbox 409 1612 487 1668; x_wconf 90' lang='lat' dir='ltr'><strong>nibus</strong></span> <span class='ocrx_word' id='word_1_66' title='bbox 507 1611 697 1681; x_wconf 80' lang='lat' dir='ltr'><strong>supervolans,</strong></span> <span class='ocrx_word' id='word_1_67' title='bbox 724 1609 749 1663; x_wconf 93' lang='lat' dir='ltr'><strong>in</strong></span> <span class='ocrx_word' id='word_1_68' title='bbox 769 1616 902 1664; x_wconf 89' lang='lat' dir='ltr'><strong>secretum</strong></span> <span class='ocrx_word' id='word_1_69' title='bbox 924 1607 1017 1661; x_wconf 91' lang='lat' dir='ltr'><strong>matris</strong></span> <span class='ocrx_word' id='word_1_70' title='bbox 1032 1604 1154 1671; x_wconf 83' lang='lat' dir='ltr'><strong>inuadat,</strong></span> <span class='ocrx_word' id='word_1_71' title='bbox 1170 1613 1197 1658; x_wconf 91' lang='lat' dir='ltr'><strong>ct</strong></span> 
     </span>
     <span class='ocr_line' id='line_1_12' title="bbox 407 1694 1196 1766; baseline -0.011 -9"><span class='ocrx_word' id='word_1_72' title='bbox 407 1717 471 1757; x_wconf 89' lang='lat' dir='ltr'><strong>reos</strong></span> <span class='ocrx_word' id='word_1_73' title='bbox 483 1699 517 1755; x_wconf 81' lang='lat' dir='ltr'><strong>lar</strong></span> <span class='ocrx_word' id='word_1_74' title='bbox 527 1701 565 1756; x_wconf 87' lang='lat' dir='ltr'><strong>iar</strong></span> <span class='ocrx_word' id='word_1_75' title='bbox 575 1701 723 1755; x_wconf 89' lang='lat' dir='ltr'><strong>nascituros</strong></span> <span class='ocrx_word' id='word_1_76' title='bbox 736 1739 744 1766; x_wconf 91' lang='lat'><strong>,</strong></span> <span class='ocrx_word' id='word_1_77' title='bbox 757 1708 871 1766; x_wconf 89' lang='lat' dir='ltr'><strong>ortuque</strong></span> <span class='ocrx_word' id='word_1_78' title='bbox 883 1698 940 1765; x_wconf 87' lang='lat' dir='ltr'><strong>ipso</strong></span> <span class='ocrx_word' id='word_1_79' title='bbox 952 1694 1085 1764; x_wconf 84' lang='lat' dir='ltr'><strong>antiquior</strong></span> <span class='ocrx_word' id='word_1_80' title='bbox 1102 1707 1196 1763; x_wconf 82' lang='lat' dir='ltr'><strong>erspc·</strong></span> 
     </span>
     <span class='ocr_line' id='line_1_13' title="bbox 408 1785 1198 1861; baseline -0.014 -13"><span class='ocrx_word' id='word_1_81' title='bbox 408 1801 464 1848; x_wconf 92' lang='lat' dir='ltr'><strong>ctct</strong></span> <span class='ocrx_word' id='word_1_82' title='bbox 475 1791 550 1861; x_wconf 90' lang='lat' dir='ltr'><strong>culpa</strong></span> <span class='ocrx_word' id='word_1_83' title='bbox 561 1790 734 1846; x_wconf 89' lang='lat' dir='ltr'><strong>substantiam</strong></span> <span class='ocrx_word' id='word_1_84' title='bbox 744 1806 751 1855; x_wconf 92' lang='lat'>;</span> <span class='ocrx_word' id='word_1_85' title='bbox 760 1805 818 1859; x_wconf 76' lang='lat' dir='ltr'><strong>quae</strong></span> <span class='ocrx_word' id='word_1_86' title='bbox 828 1788 873 1843; x_wconf 75' lang='lat' dir='ltr'><strong>len</strong></span> <span class='ocrx_word' id='word_1_87' title='bbox 881 1785 980 1857; x_wconf 86' lang='lat' dir='ltr'><strong>peccati</strong></span> <span class='ocrx_word' id='word_1_88' title='bbox 994 1785 1198 1840; x_wconf 83' lang='lat' dir='ltr'><strong>liabitansdcin·</strong></span> 
     </span>
     <span class='ocr_line' id='line_1_14' title="bbox 410 1874 1197 1954; baseline -0.014 -14"><span class='ocrx_word' id='word_1_89' title='bbox 410 1899 475 1954; x_wconf 84' lang='lat' dir='ltr'><strong>ceps</strong></span> <span class='ocrx_word' id='word_1_90' title='bbox 488 1885 515 1937; x_wconf 92' lang='lat' dir='ltr'><strong>in</strong></span> <span class='ocrx_word' id='word_1_91' title='bbox 535 1882 680 1949; x_wconf 90' lang='lat' dir='ltr'><strong>membris,</strong></span> <span class='ocrx_word' id='word_1_92' title='bbox 700 1880 837 1948; x_wconf 82' lang='lat' dir='ltr'><strong>captiuum</strong></span> <span class='ocrx_word' id='word_1_93' title='bbox 852 1878 986 1932; x_wconf 88' lang='lat' dir='ltr'><strong>imminent</strong></span> <span class='ocrx_word' id='word_1_94' title='bbox 1001 1886 1078 1946; x_wconf 87' lang='lat' dir='ltr'><strong>cogat</strong></span> <span class='ocrx_word' id='word_1_95' title='bbox 1095 1874 1197 1930; x_wconf 81' lang='lat' dir='ltr'><strong>serr-iro</strong></span> 
     </span>
     <span class='ocr_line' id='line_1_15' title="bbox 409 1965 1196 2041; baseline -0.014 -10"><span class='ocrx_word' id='word_1_96' title='bbox 409 1974 579 2039; x_wconf 87' lang='lat' dir='ltr'><strong>criminibus,</strong></span> <span class='ocrx_word' id='word_1_97' title='bbox 602 1989 655 2028; x_wconf 93' lang='lat' dir='ltr'><strong>nou</strong></span> <span class='ocrx_word' id='word_1_98' title='bbox 677 1971 851 2041; x_wconf 74' lang='lat' dir='ltr'><strong>castigatione</strong></span> <span class='ocrx_word' id='word_1_99' title='bbox 872 1968 899 2022; x_wconf 93' lang='lat' dir='ltr'><strong>iu</strong></span> <span class='ocrx_word' id='word_1_100' title='bbox 913 1967 1133 2036; x_wconf 75' lang='lat' dir='ltr'><strong>turpitudinibus,</strong></span> <span class='ocrx_word' id='word_1_101' title='bbox 1149 1965 1196 2020; x_wconf 89' lang='lat' dir='ltr'><strong>sed</strong></span> 
     </span>
     <span class='ocr_line' id='line_1_16' title="bbox 410 2055 1198 2133; baseline -0.014 -14"><span class='ocrx_word' id='word_1_102' title='bbox 410 2064 591 2121; x_wconf 80' lang='lat' dir='ltr'><strong>misericordia</strong></span> <span class='ocrx_word' id='word_1_103' title='bbox 604 2062 751 2133; x_wconf 79' lang='lat' dir='ltr'><strong>digniorem</strong></span> <span class='ocrx_word' id='word_1_104' title='bbox 765 2077 772 2113; x_wconf 91' lang='lat'>:</span> <span class='ocrx_word' id='word_1_105' title='bbox 785 2057 1001 2130; x_wconf 87' lang='lat' dir='ltr'><strong>quandoquidem</strong></span> <span class='ocrx_word' id='word_1_106' title='bbox 1014 2055 1083 2125; x_wconf 93' lang='lat' dir='ltr'><strong>quod</strong></span> <span class='ocrx_word' id='word_1_107' title='bbox 1098 2070 1147 2109; x_wconf 90' lang='lat' dir='ltr'><strong>nos</strong></span> <span class='ocrx_word' id='word_1_108' title='bbox 1159 2055 1198 2108; x_wconf 83' lang='lat' dir='ltr'><strong>ri·</strong></span> 
     </span>
     <span class='ocr_line' id='line_1_17' title="bbox 410 2149 1196 2226; baseline -0.013 -16"><span class='ocrx_word' id='word_1_109' title='bbox 410 2152 446 2210; x_wconf 85' lang='lat' dir='ltr'><strong>tia</strong></span> <span class='ocrx_word' id='word_1_110' title='bbox 459 2170 547 2226; x_wconf 74' lang='lat' dir='ltr'><strong>prauae</strong></span> <span class='ocrx_word' id='word_1_111' title='bbox 565 2154 710 2209; x_wconf 80' lang='lat' dir='ltr'><strong>voluntatis</strong></span> <span class='ocrx_word' id='word_1_112' title='bbox 723 2166 783 2208; x_wconf 88' lang='lat' dir='ltr'><strong>esse</strong></span> <span class='ocrx_word' id='word_1_113' title='bbox 797 2151 926 2217; x_wconf 92' lang='lat' dir='ltr'><strong>dicimus,</strong></span> <span class='ocrx_word' id='word_1_114' title='bbox 948 2150 972 2205; x_wconf 92' lang='lat' dir='ltr'><strong>id</strong></span> <span class='ocrx_word' id='word_1_115' title='bbox 995 2151 1020 2204; x_wconf 92' lang='lat' dir='ltr'><strong>iu</strong></span> <span class='ocrx_word' id='word_1_116' title='bbox 1043 2149 1160 2204; x_wconf 83' lang='lat' dir='ltr'><strong>Ecclesia</strong></span> <span class='ocrx_word' id='word_1_117' title='bbox 1181 2163 1196 2200; x_wconf 89' lang='lat' dir='ltr'><strong>a</strong></span> 
     </span>
     <span class='ocr_line' id='line_1_18' title="bbox 410 2238 1199 2313; baseline -0.008 -14"><span class='ocrx_word' id='word_1_118' title='bbox 410 2244 475 2300; x_wconf 82' lang='lat' dir='ltr'><strong>uiris</strong></span> <span class='ocrx_word' id='word_1_119' title='bbox 489 2255 516 2300; x_wconf 89' lang='lat' dir='ltr'><strong>et</strong></span> <span class='ocrx_word' id='word_1_120' title='bbox 527 2242 634 2300; x_wconf 89' lang='lat' dir='ltr'><strong>leminis</strong></span> <span class='ocrx_word' id='word_1_121' title='bbox 646 2243 800 2313; x_wconf 80' lang='lat' dir='ltr'><strong>magnisque</strong></span> <span class='ocrx_word' id='word_1_122' title='bbox 813 2240 982 2312; x_wconf 76' lang='lat' dir='ltr'><strong>pontificibus</strong></span> <span class='ocrx_word' id='word_1_123' title='bbox 992 2238 1127 2309; x_wconf 90' lang='lat' dir='ltr'><strong>originalis</strong></span> <span class='ocrx_word' id='word_1_124' title='bbox 1137 2253 1199 2308; x_wconf 87' lang='lat' dir='ltr'><strong>pus·</strong></span> 
     </span>
     <span class='ocr_line' id='line_1_19' title="bbox 409 2333 640 2404; baseline -0.009 -15"><span class='ocrx_word' id='word_1_125' title='bbox 409 2333 451 2389; x_wconf 85' lang='lat' dir='ltr'><strong>tio</strong></span> <span class='ocrx_word' id='word_1_126' title='bbox 464 2344 640 2404; x_wconf 85' lang='lat' dir='ltr'><strong>nutrcupatur.</strong></span> 
     </span>
    </p>

    <p class='ocr_par' dir='ltr' id='par_1_3' title="bbox 444 2419 1197 2494">
     <span class='ocr_line' id='line_1_20' title="bbox 444 2419 1197 2494; baseline -0.011 -15"><span class='ocrx_word' id='word_1_127' title='bbox 444 2425 513 2481; x_wconf 74' lang='lat' dir='ltr'><strong>Atto.</strong></span> <span class='ocrx_word' id='word_1_128' title='bbox 527 2422 680 2494; x_wconf 77' lang='lat' dir='ltr'><strong>Respondet</strong></span> <span class='ocrx_word' id='word_1_129' title='bbox 697 2422 744 2477; x_wconf 88' lang='lat' dir='ltr'><strong>tibi</strong></span> <span class='ocrx_word' id='word_1_130' title='bbox 759 2423 917 2478; x_wconf 77' lang='lat' dir='ltr'><strong>drrtbrosius</strong></span> <span class='ocrx_word' id='word_1_131' title='bbox 932 2419 1049 2491; x_wconf 84' lang='lat' dir='ltr'><strong>pontifex</strong></span> <span class='ocrx_word' id='word_1_132' title='bbox 1069 2432 1197 2487; x_wconf 79' lang='lat' dir='ltr'><strong>irruguus,</strong></span> 
     </span>
    </p>
   </div>
   <div class='ocr_carea' id='block_1_2' title="bbox 412 2509 1201 2666">
    <p class='ocr_par' dir='ltr' id='par_1_4' title="bbox 412 2509 1201 2666">
     <span class='ocr_line' id='line_1_21' title="bbox 412 2509 1198 2576; baseline -0.01 -6"><span class='ocrx_word' id='word_1_133' title='bbox 412 2514 598 2570; x_wconf 74' lang='lat' dir='ltr'><strong>heresiarchae</strong></span> <span class='ocrx_word' id='word_1_134' title='bbox 610 2514 689 2568; x_wconf 80' lang='lat' dir='ltr'><strong>vestri</strong></span> <span class='ocrx_word' id='word_1_135' title='bbox 700 2514 862 2568; x_wconf 80' lang='lat' dir='ltr'><strong>excellenter</strong></span> <span class='ocrx_word' id='word_1_136' title='bbox 874 2528 921 2566; x_wconf 89' lang='lat' dir='ltr'><strong>ore</strong></span> <span class='ocrx_word' id='word_1_137' title='bbox 932 2511 1064 2576; x_wconf 86' lang='lat' dir='ltr'><strong>laudatus,</strong></span> <span class='ocrx_word' id='word_1_138' title='bbox 1076 2518 1102 2564; x_wconf 93' lang='lat' dir='ltr'><strong>ct</strong></span> <span class='ocrx_word' id='word_1_139' title='bbox 1114 2509 1177 2563; x_wconf 93' lang='lat' dir='ltr'><strong>dicit</strong></span> <span class='ocrx_word' id='word_1_140' title='bbox 1190 2525 1198 2562; x_wconf 76' lang='lat' dir='ltr'><strong>a</strong></span> 
     </span>
     <span class='ocr_line' id='line_1_22' title="bbox 415 2592 1201 2666; baseline -0.005 -18"><span class='ocrx_word' id='word_1_141' title='bbox 415 2616 424 2648; x_wconf 90' lang='grc' dir='ltr'><strong>ι</strong></span> <span class='ocrx_word' id='word_1_142' title='bbox 438 2597 509 2652; x_wconf 83' lang='lat' dir='ltr'><strong>llale</strong></span> <span class='ocrx_word' id='word_1_143' title='bbox 522 2597 578 2651; x_wconf 80' lang='lat' dir='ltr'><strong>Era</strong></span> <span class='ocrx_word' id='word_1_144' title='bbox 590 2595 746 2666; x_wconf 81' lang='lat' dir='ltr'><strong>parturivit,</strong></span> <span class='ocrx_word' id='word_1_145' title='bbox 760 2604 790 2650; x_wconf 94' lang='lat' dir='ltr'><strong>ut</strong></span> <span class='ocrx_word' id='word_1_146' title='bbox 805 2607 895 2664; x_wconf 90' lang='lat' dir='ltr'><strong>partus</strong></span> <span class='ocrx_word' id='word_1_147' title='bbox 909 2593 1070 2663; x_wconf 88' lang='lat' dir='ltr'><strong>relinqueret</strong></span> <span class='ocrx_word' id='word_1_148' title='bbox 1081 2592 1201 2646; x_wconf 84' lang='lat' dir='ltr'><strong>mulieri·</strong></span> 
     </span>
    </p>
   </div>
   <div class='ocr_carea' id='block_1_3' title="bbox 371 2683 1208 5030">
    <p class='ocr_par' dir='ltr' id='par_1_5' title="bbox 374 2683 1201 3386">
     <span class='ocr_line' id='line_1_23' title="bbox 374 2683 1201 2754; baseline -0.011 -9"><span class='ocrx_word' id='word_1_149' title='bbox 374 2688 378 2694; x_wconf 79' lang='grc'><strong>’</strong></span> <span class='ocrx_word' id='word_1_150' title='bbox 412 2688 462 2744; x_wconf 83' lang='lat' dir='ltr'><strong>lttts</strong></span> <span class='ocrx_word' id='word_1_151' title='bbox 478 2686 672 2751; x_wconf 80' lang='lat' dir='ltr'><strong>lrrcteditatem,</strong></span> <span class='ocrx_word' id='word_1_152' title='bbox 688 2693 767 2754; x_wconf 86' lang='lat' dir='ltr'><strong>atquc</strong></span> <span class='ocrx_word' id='word_1_153' title='bbox 780 2685 959 2754; x_wconf 84' lang='lat' dir='ltr'><strong>unnsquisque</strong></span> <span class='ocrx_word' id='word_1_154' title='bbox 979 2683 1201 2751; x_wconf 75' lang='lat' dir='ltr'><strong>concupiscentiae</strong></span> 
     </span>
     <span class='ocr_line' id='line_1_24' title="bbox 413 2769 1199 2846; baseline -0.01 -15"><span class='ocrx_word' id='word_1_155' title='bbox 413 2777 551 2846; x_wconf 84' lang='lat' dir='ltr'><strong>uoluptate</strong></span> <span class='ocrx_word' id='word_1_156' title='bbox 562 2785 712 2838; x_wconf 87' lang='lat' dir='ltr'><strong>concretus,</strong></span> <span class='ocrx_word' id='word_1_157' title='bbox 723 2783 749 2828; x_wconf 93' lang='lat' dir='ltr'><strong>ct</strong></span> <span class='ocrx_word' id='word_1_158' title='bbox 761 2773 921 2842; x_wconf 85' lang='lat' dir='ltr'><strong>genitalibus</strong></span> <span class='ocrx_word' id='word_1_159' title='bbox 931 2772 1076 2826; x_wconf 83' lang='lat' dir='ltr'><strong>visceribus</strong></span> <span class='ocrx_word' id='word_1_160' title='bbox 1087 2769 1199 2838; x_wconf 88' lang='lat' dir='ltr'><strong>inlirsus,</strong></span> 
     </span>
     <span class='ocr_line' id='line_1_25' title="bbox 413 2862 1201 2938; baseline -0.013 -14"><span class='ocrx_word' id='word_1_161' title='bbox 413 2877 440 2924; x_wconf 86' lang='lat' dir='ltr'><strong>ct</strong></span> <span class='ocrx_word' id='word_1_162' title='bbox 451 2866 606 2938; x_wconf 88' lang='lat' dir='ltr'><strong>coagulatus</strong></span> <span class='ocrx_word' id='word_1_163' title='bbox 620 2866 646 2919; x_wconf 94' lang='lat' dir='ltr'><strong>iu</strong></span> <span class='ocrx_word' id='word_1_164' title='bbox 661 2864 798 2934; x_wconf 89' lang='lat' dir='ltr'><strong>sanguiue,</strong></span> <span class='ocrx_word' id='word_1_165' title='bbox 814 2863 842 2918; x_wconf 90' lang='lat' dir='ltr'><strong>in</strong></span> <span class='ocrx_word' id='word_1_166' title='bbox 858 2863 951 2932; x_wconf 90' lang='lat' dir='ltr'><strong>pannis</strong></span> <span class='ocrx_word' id='word_1_167' title='bbox 965 2863 1112 2921; x_wconf 78' lang='lat' dir='ltr'><strong>involutus.</strong></span> <span class='ocrx_word' id='word_1_168' title='bbox 1128 2862 1201 2930; x_wconf 92' lang='lat' dir='ltr'><strong>prius</strong></span> 
     </span>
     <span class='ocr_line' id='line_1_26' title="bbox 414 2951 1201 3027; baseline -0.013 -10"><span class='ocrx_word' id='word_1_169' title='bbox 414 2962 516 3017; x_wconf 89' lang='lat' dir='ltr'><strong>nrbiret</strong></span> <span class='ocrx_word' id='word_1_170' title='bbox 528 2960 684 3015; x_wconf 88' lang='lat' dir='ltr'><strong>delictorum</strong></span> <span class='ocrx_word' id='word_1_171' title='bbox 704 2957 872 3027; x_wconf 84' lang='lat' dir='ltr'><strong>contagium,</strong></span> <span class='ocrx_word' id='word_1_172' title='bbox 892 2969 971 3024; x_wconf 89' lang='lat' dir='ltr'><strong>qnam</strong></span> <span class='ocrx_word' id='word_1_173' title='bbox 986 2953 1072 3009; x_wconf 79' lang='lat' dir='ltr'><strong>uitalis</strong></span> <span class='ocrx_word' id='word_1_174' title='bbox 1092 2951 1201 3022; x_wconf 88' lang='lat' dir='ltr'><strong>spiritus</strong></span> 
     </span>
     <span class='ocr_line' id='line_1_27' title="bbox 415 3041 1199 3118; baseline -0.013 -13"><span class='ocrx_word' id='word_1_175' title='bbox 415 3065 509 3106; x_wconf 87' lang='lat' dir='ltr'><strong>mouns</strong></span> <span class='ocrx_word' id='word_1_176' title='bbox 518 3048 636 3104; x_wconf 87' lang='lat' dir='ltr'><strong>lranriret</strong></span> <span class='ocrx_word' id='word_1_177' title='bbox 650 3067 659 3101; x_wconf 89' lang='grc' dir='ltr'><strong>ι</strong></span> <span class='ocrx_word' id='word_1_178' title='bbox 673 3046 741 3118; x_wconf 78' lang='grc' dir='ltr'>(ιιι.</span> <span class='ocrx_word' id='word_1_179' title='bbox 755 3047 787 3100; x_wconf 85' lang='lat' dir='ltr'><strong>de</strong></span> <span class='ocrx_word' id='word_1_180' title='bbox 796 3045 873 3101; x_wconf 79' lang='lat' dir='ltr'><strong>Sacc.</strong></span> <span class='ocrx_word' id='word_1_181' title='bbox 883 3061 968 3116; x_wconf 68' lang='lat' dir='ltr'><strong>regen·</strong></span> <span class='ocrx_word' id='word_1_182' title='bbox 980 3043 1063 3099; x_wconf 79' lang='lat' dir='ltr'><strong>sende</strong></span> <span class='ocrx_word' id='word_1_183' title='bbox 1076 3041 1199 3112; x_wconf 65' lang='lat' dir='ltr'><strong>Philon).</strong></span> 
     </span>
     <span class='ocr_line' id='line_1_28' title="bbox 414 3132 1199 3206; baseline -0.015 -10"><span class='ocrx_word' id='word_1_184' title='bbox 414 3138 535 3197; x_wconf 86' lang='lat' dir='ltr'><strong>Sananda</strong></span> <span class='ocrx_word' id='word_1_185' title='bbox 545 3147 587 3194; x_wconf 88' lang='lat' dir='ltr'><strong>est</strong></span> <span class='ocrx_word' id='word_1_186' title='bbox 599 3138 696 3206; x_wconf 86' lang='lat' dir='ltr'><strong>itaque,</strong></span> <span class='ocrx_word' id='word_1_187' title='bbox 710 3136 824 3201; x_wconf 81' lang='lat' dir='ltr'><strong>Juliauc,</strong></span> <span class='ocrx_word' id='word_1_188' title='bbox 837 3135 963 3198; x_wconf 90' lang='lat' dir='ltr'><strong>bumana,</strong></span> <span class='ocrx_word' id='word_1_189' title='bbox 974 3133 1032 3188; x_wconf 80' lang='lat' dir='ltr'><strong>lieo</strong></span> <span class='ocrx_word' id='word_1_190' title='bbox 1044 3132 1199 3199; x_wconf 88' lang='lat' dir='ltr'><strong>miserante,</strong></span> 
     </span>
     <span class='ocr_line' id='line_1_29' title="bbox 417 3226 1200 3298; baseline -0.014 -10"><span class='ocrx_word' id='word_1_191' title='bbox 417 3242 525 3288; x_wconf 84' lang='lat' dir='ltr'><strong>natura:</strong></span> <span class='ocrx_word' id='word_1_192' title='bbox 541 3246 611 3298; x_wconf 91' lang='lat' dir='ltr'><strong>uon,</strong></span> <span class='ocrx_word' id='word_1_193' title='bbox 625 3240 652 3286; x_wconf 87' lang='lat' dir='ltr'><strong>te</strong></span> <span class='ocrx_word' id='word_1_194' title='bbox 675 3229 789 3285; x_wconf 90' lang='lat' dir='ltr'><strong>inaniter</strong></span> <span class='ocrx_word' id='word_1_195' title='bbox 803 3226 982 3292; x_wconf 87' lang='lat' dir='ltr'><strong>declamante,</strong></span> <span class='ocrx_word' id='word_1_196' title='bbox 1000 3234 1121 3295; x_wconf 86' lang='lat' dir='ltr'><strong>tauquam</strong></span> <span class='ocrx_word' id='word_1_197' title='bbox 1136 3238 1200 3280; x_wconf 84' lang='lat' dir='ltr'><strong>sana</strong></span> 
     </span>
     <span class='ocr_line' id='line_1_30' title="bbox 416 3323 556 3386; baseline -0.021 -5"><span class='ocrx_word' id='word_1_198' title='bbox 416 3323 556 3386; x_wconf 85' lang='lat' dir='ltr'><strong>laudanda.</strong></span> 
     </span>
    </p>

    <p class='ocr_par' dir='ltr' id='par_1_6' title="bbox 415 3405 1201 3578">
     <span class='ocr_line' id='line_1_31' title="bbox 450 3405 1201 3483; baseline -0.016 -13"><span class='ocrx_word' id='word_1_199' title='bbox 450 3415 497 3470; x_wconf 72' lang='lat' dir='ltr'><strong>ll.</strong></span> <span class='ocrx_word' id='word_1_200' title='bbox 511 3414 570 3472; x_wconf 78' lang='lat' dir='ltr'><strong>lut.</strong></span> <span class='ocrx_word' id='word_1_201' title='bbox 583 3413 645 3469; x_wconf 71' lang='lat' dir='ltr'><strong>llaec</strong></span> <span class='ocrx_word' id='word_1_202' title='bbox 656 3427 721 3483; x_wconf 86' lang='lat' dir='ltr'><strong>ergo</strong></span> <span class='ocrx_word' id='word_1_203' title='bbox 731 3410 939 3468; x_wconf 79' lang='lat' dir='ltr'><strong>Manichaeorum</strong></span> <span class='ocrx_word' id='word_1_204' title='bbox 951 3415 1039 3463; x_wconf 90' lang='lat' dir='ltr'><strong>scorta</strong></span> <span class='ocrx_word' id='word_1_205' title='bbox 1050 3405 1201 3476; x_wconf 88' lang='lat' dir='ltr'><strong>dogmatum</strong></span> 
     </span>
     <span class='ocr_line' id='line_1_32' title="bbox 415 3500 1002 3578; baseline -0.014 -17"><span class='ocrx_word' id='word_1_206' title='bbox 415 3504 849 3578; x_wconf 84' lang='lat' dir='ltr'><strong>impurissimorumlenocinantur</strong></span> <span class='ocrx_word' id='word_1_207' title='bbox 862 3500 970 3555; x_wconf 90' lang='lat' dir='ltr'><strong>auribus</strong></span> <span class='ocrx_word' id='word_1_208' title='bbox 979 3501 1002 3553; x_wconf 83' lang='lat'><strong>¹.</strong></span> 
     </span>
    </p>

    <p class='ocr_par' dir='ltr' id='par_1_7' title="bbox 371 3586 1205 4199">
     <span class='ocr_line' id='line_1_33' title="bbox 452 3586 1201 3658; baseline -0.016 -8"><span class='ocrx_word' id='word_1_209' title='bbox 452 3600 522 3652; x_wconf 84' lang='lat' dir='ltr'><strong>lino.</strong></span> <span class='ocrx_word' id='word_1_210' title='bbox 536 3593 716 3658; x_wconf 75' lang='lat' dir='ltr'><strong>Ambrosium,</strong></span> <span class='ocrx_word' id='word_1_211' title='bbox 726 3593 748 3647; x_wconf 91' lang='lat' dir='ltr'><strong>si</strong></span> <span class='ocrx_word' id='word_1_212' title='bbox 760 3590 851 3656; x_wconf 88' lang='lat' dir='ltr'><strong>audes,</strong></span> <span class='ocrx_word' id='word_1_213' title='bbox 864 3590 1005 3645; x_wconf 86' lang='lat' dir='ltr'><strong>criminare</strong></span> <span class='ocrx_word' id='word_1_214' title='bbox 1017 3586 1201 3642; x_wconf 84' lang='lat' dir='ltr'><strong>ttautcbamm.</strong></span> 
     </span>
     <span class='ocr_line' id='line_1_34' title="bbox 417 3673 1203 3754; baseline -0.015 -14"><span class='ocrx_word' id='word_1_215' title='bbox 417 3684 533 3740; x_wconf 75' lang='lat' dir='ltr'><strong>dttrudc</strong></span> <span class='ocrx_word' id='word_1_216' title='bbox 551 3683 577 3737; x_wconf 91' lang='lat' dir='ltr'><strong>iu</strong></span> <span class='ocrx_word' id='word_1_217' title='bbox 597 3698 675 3754; x_wconf 87' lang='lat' dir='ltr'><strong>quem</strong></span> <span class='ocrx_word' id='word_1_218' title='bbox 690 3681 777 3746; x_wconf 85' lang='lat' dir='ltr'><strong>dieas,</strong></span> <span class='ocrx_word' id='word_1_219' title='bbox 800 3678 869 3750; x_wconf 92' lang='lat' dir='ltr'><strong>quod</strong></span> <span class='ocrx_word' id='word_1_220' title='bbox 882 3678 922 3733; x_wconf 86' lang='lat' dir='ltr'><strong>ris</strong></span> <span class='ocrx_word' id='word_1_221' title='bbox 935 3677 1017 3731; x_wconf 85' lang='lat' dir='ltr'><strong>rideri</strong></span> <span class='ocrx_word' id='word_1_222' title='bbox 1033 3685 1156 3745; x_wconf 82' lang='lat' dir='ltr'><strong>nmquam</strong></span> <span class='ocrx_word' id='word_1_223' title='bbox 1176 3673 1203 3728; x_wconf 92' lang='lat' dir='ltr'><strong>in</strong></span> 
     </span>
     <span class='ocr_line' id='line_1_35' title="bbox 418 3764 1204 3833; baseline -0.018 -1"><span class='ocrx_word' id='word_1_224' title='bbox 418 3792 462 3832; x_wconf 89' lang='lat' dir='ltr'><strong>me</strong></span> <span class='ocrx_word' id='word_1_225' title='bbox 474 3775 564 3832; x_wconf 87' lang='lat' dir='ltr'><strong>dicere</strong></span> <span class='ocrx_word' id='word_1_226' title='bbox 576 3792 583 3829; x_wconf 74' lang='grc' dir='ltr'><strong><em>ε</em></strong></span> <span class='ocrx_word' id='word_1_227' title='bbox 596 3783 623 3828; x_wconf 91' lang='lat' dir='ltr'><strong>ct</strong></span> <span class='ocrx_word' id='word_1_228' title='bbox 635 3773 657 3827; x_wconf 89' lang='lat' dir='ltr'><strong>si</strong></span> <span class='ocrx_word' id='word_1_229' title='bbox 668 3772 735 3826; x_wconf 91' lang='lat' dir='ltr'><strong>ullus</strong></span> <span class='ocrx_word' id='word_1_230' title='bbox 746 3771 791 3825; x_wconf 93' lang='lat' dir='ltr'><strong>tibi</strong></span> <span class='ocrx_word' id='word_1_231' title='bbox 803 3771 844 3824; x_wconf 82' lang='lat' dir='ltr'><strong>rei</strong></span> <span class='ocrx_word' id='word_1_232' title='bbox 856 3769 901 3824; x_wconf 82' lang='lat' dir='ltr'><strong>liei</strong></span> <span class='ocrx_word' id='word_1_233' title='bbox 917 3768 1005 3833; x_wconf 85' lang='lat' dir='ltr'><strong>timor,</strong></span> <span class='ocrx_word' id='word_1_234' title='bbox 1018 3765 1059 3819; x_wconf 84' lang='lat' dir='ltr'><strong>rel</strong></span> <span class='ocrx_word' id='word_1_235' title='bbox 1073 3764 1204 3818; x_wconf 90' lang='lat' dir='ltr'><strong>bumauus</strong></span> 
     </span>
     <span class='ocr_line' id='line_1_36' title="bbox 419 3857 1204 3938; baseline -0.019 -15"><span class='ocrx_word' id='word_1_236' title='bbox 419 3869 572 3938; x_wconf 78' lang='lat' dir='ltr'><strong>puderent,</strong></span> <span class='ocrx_word' id='word_1_237' title='bbox 594 3865 753 3921; x_wconf 86' lang='lat' dir='ltr'><strong>conticesco.</strong></span> <span class='ocrx_word' id='word_1_238' title='bbox 774 3861 815 3917; x_wconf 91' lang='lat' dir='ltr'><strong>lle</strong></span> <span class='ocrx_word' id='word_1_239' title='bbox 838 3869 943 3931; x_wconf 88' lang='lat' dir='ltr'><strong>oportet</strong></span> <span class='ocrx_word' id='word_1_240' title='bbox 962 3874 1021 3914; x_wconf 92' lang='lat' dir='ltr'><strong>cunr</strong></span> <span class='ocrx_word' id='word_1_241' title='bbox 1040 3857 1137 3912; x_wconf 87' lang='lat' dir='ltr'><strong>talibus</strong></span> <span class='ocrx_word' id='word_1_242' title='bbox 1160 3864 1204 3909; x_wconf 91' lang='lat' dir='ltr'><strong>tua</strong></span> 
     </span>
     <span class='ocr_line' id='line_1_37' title="bbox 387 3949 1204 4021; baseline -0.021 -6"><span class='ocrx_word' id='word_1_243' title='bbox 387 3974 390 3979; x_wconf 87' lang='lat'>·</span> <span class='ocrx_word' id='word_1_244' title='bbox 418 3959 552 4020; x_wconf 77' lang='lat' dir='ltr'><strong>enuncia,</strong></span> <span class='ocrx_word' id='word_1_245' title='bbox 575 3970 628 4011; x_wconf 92' lang='lat' dir='ltr'><strong>nou</strong></span> <span class='ocrx_word' id='word_1_246' title='bbox 642 3954 728 4010; x_wconf 88' lang='lat' dir='ltr'><strong>solum</strong></span> <span class='ocrx_word' id='word_1_247' title='bbox 747 3953 887 4021; x_wconf 89' lang='lat' dir='ltr'><strong>patienter,</strong></span> <span class='ocrx_word' id='word_1_248' title='bbox 909 3964 999 4004; x_wconf 88' lang='lat' dir='ltr'><strong>vorum</strong></span> <span class='ocrx_word' id='word_1_249' title='bbox 1019 3949 1098 4004; x_wconf 92' lang='lat' dir='ltr'><strong>etiam</strong></span> <span class='ocrx_word' id='word_1_250' title='bbox 1112 3955 1204 4017; x_wconf 88' lang='lat' dir='ltr'><strong>gratu·</strong></span> 
     </span>
     <span class='ocr_line' id='line_1_38' title="bbox 371 4035 1205 4104; baseline -0.018 1"><span class='ocrx_word' id='word_1_251' title='bbox 371 4035 375 4041; x_wconf 63' lang='grc'><strong>’</strong></span> <span class='ocrx_word' id='word_1_252' title='bbox 418 4047 628 4104; x_wconf 86' lang='lat' dir='ltr'><strong>lanteraudire:</strong></span> <span class='ocrx_word' id='word_1_253' title='bbox 647 4043 695 4100; x_wconf 90' lang='lat' dir='ltr'><strong>sed</strong></span> <span class='ocrx_word' id='word_1_254' title='bbox 716 4053 743 4098; x_wconf 92' lang='lat' dir='ltr'><strong>tu</strong></span> <span class='ocrx_word' id='word_1_255' title='bbox 761 4042 842 4096; x_wconf 88' lang='lat' dir='ltr'><strong>debes</strong></span> <span class='ocrx_word' id='word_1_256' title='bbox 857 4044 882 4094; x_wconf 90' lang='lat' dir='ltr'><strong>in</strong></span> <span class='ocrx_word' id='word_1_257' title='bbox 902 4040 998 4094; x_wconf 88' lang='lat' dir='ltr'><strong>talibus</strong></span> <span class='ocrx_word' id='word_1_258' title='bbox 1017 4036 1165 4092; x_wconf 89' lang='lat' dir='ltr'><strong>lacerandis</strong></span> <span class='ocrx_word' id='word_1_259' title='bbox 1177 4044 1205 4090; x_wconf 91' lang='lat' dir='ltr'><strong>et</strong></span> 
     </span>
     <span class='ocr_line' id='line_1_39' title="bbox 419 4127 1130 4199; baseline -0.015 -5"><span class='ocrx_word' id='word_1_260' title='bbox 419 4139 534 4194; x_wconf 86' lang='lat' dir='ltr'><strong>bumana</strong></span> <span class='ocrx_word' id='word_1_261' title='bbox 547 4136 708 4192; x_wconf 89' lang='lat' dir='ltr'><strong>crubescere</strong></span> <span class='ocrx_word' id='word_1_262' title='bbox 723 4140 750 4188; x_wconf 89' lang='lat' dir='ltr'><strong>et</strong></span> <span class='ocrx_word' id='word_1_263' title='bbox 760 4131 847 4187; x_wconf 83' lang='lat' dir='ltr'><strong>divina</strong></span> <span class='ocrx_word' id='word_1_264' title='bbox 862 4130 961 4199; x_wconf 78' lang='lat' dir='ltr'><strong>indicia</strong></span> <span class='ocrx_word' id='word_1_265' title='bbox 977 4127 1130 4183; x_wconf 90' lang='lat' dir='ltr'><strong>formidare.</strong></span> 
     </span>
    </p>

    <p class='ocr_par' dir='ltr' id='par_1_8' title="bbox 418 4219 1206 4668">
     <span class='ocr_line' id='line_1_40' title="bbox 454 4219 1205 4292; baseline -0.016 -6"><span class='ocrx_word' id='word_1_266' title='bbox 454 4230 489 4286; x_wconf 78' lang='grc' dir='ltr'><strong>Χ.</strong></span> <span class='ocrx_word' id='word_1_267' title='bbox 515 4227 576 4285; x_wconf 82' lang='lat' dir='ltr'><strong>lut.</strong></span> <span class='ocrx_word' id='word_1_268' title='bbox 601 4227 664 4282; x_wconf 77' lang='lat' dir='ltr'><strong>llaec</strong></span> <span class='ocrx_word' id='word_1_269' title='bbox 687 4226 714 4279; x_wconf 94' lang='lat' dir='ltr'><strong>iu</strong></span> <span class='ocrx_word' id='word_1_270' title='bbox 737 4231 849 4292; x_wconf 91' lang='lat' dir='ltr'><strong>utroque</strong></span> <span class='ocrx_word' id='word_1_271' title='bbox 872 4238 937 4277; x_wconf 87' lang='lat' dir='ltr'><strong>sem</strong></span> <span class='ocrx_word' id='word_1_272' title='bbox 960 4219 1205 4291; x_wconf 88' lang='lat' dir='ltr'><strong>positos·iuimicos</strong></span> 
     </span>
     <span class='ocr_line' id='line_1_41' title="bbox 418 4306 1205 4382; baseline -0.024 -4"><span class='ocrx_word' id='word_1_273' title='bbox 418 4329 525 4377; x_wconf 91' lang='lat' dir='ltr'><strong>nostros</strong></span> <span class='ocrx_word' id='word_1_274' title='bbox 553 4319 638 4375; x_wconf 89' lang='lat' dir='ltr'><strong>urtica</strong></span> <span class='ocrx_word' id='word_1_275' title='bbox 664 4314 828 4378; x_wconf 81' lang='lat' dir='ltr'><strong>commovit,</strong></span> <span class='ocrx_word' id='word_1_276' title='bbox 853 4327 911 4382; x_wconf 74' lang='lat' dir='ltr'><strong>quac</strong></span> <span class='ocrx_word' id='word_1_277' title='bbox 939 4310 1002 4365; x_wconf 91' lang='lat' dir='ltr'><strong>olim</strong></span> <span class='ocrx_word' id='word_1_278' title='bbox 1032 4307 1137 4379; x_wconf 88' lang='lat' dir='ltr'><strong>quidem</strong></span> <span class='ocrx_word' id='word_1_279' title='bbox 1164 4306 1205 4360; x_wconf 85' lang='lat' dir='ltr'><strong>ri·</strong></span> 
     </span>
     <span class='ocr_line' id='line_1_42' title="bbox 419 4398 1206 4468; baseline -0.022 0"><span class='ocrx_word' id='word_1_280' title='bbox 419 4412 457 4468; x_wconf 93' lang='lat' dir='ltr'><strong>tio</strong></span> <span class='ocrx_word' id='word_1_281' title='bbox 476 4410 553 4466; x_wconf 78' lang='lat' dir='ltr'><strong>malae</strong></span> <span class='ocrx_word' id='word_1_282' title='bbox 571 4404 771 4465; x_wconf 85' lang='lat' dir='ltr'><strong>consuetudinis</strong></span> <span class='ocrx_word' id='word_1_283' title='bbox 791 4403 901 4458; x_wconf 88' lang='lat' dir='ltr'><strong>mordax</strong></span> <span class='ocrx_word' id='word_1_284' title='bbox 922 4402 950 4466; x_wconf 83' lang='lat'><strong>⁸,</strong></span> <span class='ocrx_word' id='word_1_285' title='bbox 973 4410 1060 4456; x_wconf 91' lang='lat' dir='ltr'><strong>tamen</strong></span> <span class='ocrx_word' id='word_1_286' title='bbox 1080 4398 1206 4454; x_wconf 83' lang='lat' dir='ltr'><strong>exhorta-</strong></span> 
     </span>
     <span class='ocr_line' id='line_1_43' title="bbox 420 4493 1206 4566; baseline -0.02 -6"><span class='ocrx_word' id='word_1_287' title='bbox 420 4504 522 4561; x_wconf 89' lang='lat' dir='ltr'><strong>tionum</strong></span> <span class='ocrx_word' id='word_1_288' title='bbox 541 4500 696 4558; x_wconf 88' lang='lat' dir='ltr'><strong>salutarium</strong></span> <span class='ocrx_word' id='word_1_289' title='bbox 718 4496 793 4552; x_wconf 78' lang='lat' dir='ltr'><strong>uolut</strong></span> <span class='ocrx_word' id='word_1_290' title='bbox 815 4494 971 4566; x_wconf 88' lang='lat' dir='ltr'><strong>quibusdam</strong></span> <span class='ocrx_word' id='word_1_291' title='bbox 993 4493 1136 4548; x_wconf 89' lang='lat' dir='ltr'><strong>curabatur</strong></span> <span class='ocrx_word' id='word_1_292' title='bbox 1158 4506 1206 4545; x_wconf 90' lang='lat' dir='ltr'><strong>uu·</strong></span> 
     </span>
     <span class='ocr_line' id='line_1_44' title="bbox 418 4597 535 4668; baseline -0.026 -14"><span class='ocrx_word' id='word_1_293' title='bbox 418 4597 535 4668; x_wconf 86' lang='lat' dir='ltr'><strong>guentis.</strong></span> 
     </span>
    </p>

    <p class='ocr_par' dir='ltr' id='par_1_9' title="bbox 419 4673 1208 5030">
     <span class='ocr_line' id='line_1_45' title="bbox 455 4673 1207 4753; baseline -0.019 -12"><span class='ocrx_word' id='word_1_294' title='bbox 455 4688 522 4743; x_wconf 76' lang='lat' dir='ltr'><strong>doe.</strong></span> <span class='ocrx_word' id='word_1_295' title='bbox 544 4684 635 4742; x_wconf 85' lang='lat' dir='ltr'><strong>Urtica</strong></span> <span class='ocrx_word' id='word_1_296' title='bbox 658 4689 790 4753; x_wconf 89' lang='lat' dir='ltr'><strong>pungente</strong></span> <span class='ocrx_word' id='word_1_297' title='bbox 814 4679 913 4749; x_wconf 87' lang='lat' dir='ltr'><strong>prurit,</strong></span> <span class='ocrx_word' id='word_1_298' title='bbox 935 4675 981 4732; x_wconf 87' lang='lat' dir='ltr'><strong>sed</strong></span> <span class='ocrx_word' id='word_1_299' title='bbox 1002 4675 1047 4745; x_wconf 91' lang='lat' dir='ltr'><strong>qni</strong></span> <span class='ocrx_word' id='word_1_300' title='bbox 1071 4673 1207 4729; x_wconf 90' lang='lat' dir='ltr'><strong>libidinem</strong></span> 
     </span>
     <span class='ocr_line' id='line_1_46' title="bbox 420 4765 1208 4844; baseline -0.022 -9"><span class='ocrx_word' id='word_1_301' title='bbox 420 4777 520 4835; x_wconf 87' lang='lat' dir='ltr'><strong>laudat.</strong></span> <span class='ocrx_word' id='word_1_302' title='bbox 533 4776 562 4833; x_wconf 85' lang='lat' dir='ltr'><strong>Si</strong></span> <span class='ocrx_word' id='word_1_303' title='bbox 575 4785 663 4831; x_wconf 89' lang='lat' dir='ltr'><strong>auteur</strong></span> <span class='ocrx_word' id='word_1_304' title='bbox 676 4781 782 4844; x_wconf 89' lang='lat' dir='ltr'><strong>propter</strong></span> <span class='ocrx_word' id='word_1_305' title='bbox 792 4770 887 4826; x_wconf 88' lang='lat' dir='ltr'><strong>nralam</strong></span> <span class='ocrx_word' id='word_1_306' title='bbox 898 4767 1127 4831; x_wconf 89' lang='lat' dir='ltr'><strong>cousuetudinem,</strong></span> <span class='ocrx_word' id='word_1_307' title='bbox 1139 4765 1208 4820; x_wconf 86' lang='lat' dir='ltr'><strong>sicut</strong></span> 
     </span>
     <span class='ocr_line' id='line_1_47' title="bbox 419 4854 1208 4938; baseline -0.022 -14"><span class='ocrx_word' id='word_1_308' title='bbox 419 4866 512 4938; x_wconf 79' lang='lat' dir='ltr'><strong>sapis&#39;·</strong></span> <span class='ocrx_word' id='word_1_309' title='bbox 525 4867 622 4922; x_wconf 92' lang='lat' dir='ltr'><strong>clamat</strong></span> <span class='ocrx_word' id='word_1_310' title='bbox 632 4864 720 4930; x_wconf 88' lang='lat' dir='ltr'><strong>homo,</strong></span> <span class='ocrx_word' id='word_1_311' title='bbox 734 4862 794 4916; x_wconf 81' lang='lat' dir='ltr'><strong>Nou</strong></span> <span class='ocrx_word' id='word_1_312' title='bbox 805 4860 950 4932; x_wconf 78' lang='lat' dir='ltr'><strong>quod&#39;uolo,</strong></span> <span class='ocrx_word' id='word_1_313' title='bbox 964 4857 1030 4928; x_wconf 73' lang='lat' dir='ltr'><strong>sarcio</strong></span> <span class='ocrx_word' id='word_1_314' title='bbox 1040 4856 1150 4920; x_wconf 53' lang='lat' dir='ltr'><strong>borinum·</strong></span> <span class='ocrx_word' id='word_1_315' title='bbox 1163 4854 1208 4908; x_wconf 82' lang='lat' dir='ltr'><strong>red</strong></span> 
     </span>
     <span class='ocr_line' id='line_1_48' title="bbox 419 4949 1207 5030; baseline -0.016 -15"><span class='ocrx_word' id='word_1_316' title='bbox 419 4959 488 5030; x_wconf 82' lang='lat' dir='ltr'><strong>qnod</strong></span> <span class='ocrx_word' id='word_1_317' title='bbox 500 4960 559 5014; x_wconf 77' lang='lat' dir='ltr'><strong>reolo</strong></span> <span class='ocrx_word' id='word_1_318' title='bbox 572 4959 684 5022; x_wconf 71' lang='lat' dir='ltr'><strong>uidem,</strong></span> <span class='ocrx_word' id='word_1_319' title='bbox 699 4955 746 5009; x_wconf 80' lang='lat' dir='ltr'><strong>lior</strong></span> <span class='ocrx_word' id='word_1_320' title='bbox 760 4972 807 5026; x_wconf 82' lang='lat' dir='ltr'><strong>oqo</strong></span> <span class='ocrx_word' id='word_1_321' title='bbox 821 4952 908 5026; x_wconf 83' lang='grc' dir='ltr'>(ιιοιιι.</span> <span class='ocrx_word' id='word_1_322' title='bbox 928 4967 979 5016; x_wconf 88' lang='lat' dir='ltr'><strong>rn,</strong></span> <span class='ocrx_word' id='word_1_323' title='bbox 998 4950 1041 5021; x_wconf 81' lang='lat' dir='ltr'><strong>tn)</strong></span> <span class='ocrx_word' id='word_1_324' title='bbox 1056 4969 1063 5004; x_wconf 75' lang='grc' dir='ltr'>ε</span> <span class='ocrx_word' id='word_1_325' title='bbox 1079 4958 1151 5004; x_wconf 89' lang='lat' dir='ltr'><strong>certe</strong></span> <span class='ocrx_word' id='word_1_326' title='bbox 1165 4949 1207 5003; x_wconf 81' lang='lat' dir='ltr'><strong>vel</strong></span> 
     </span>
    </p>
   </div>
   <div class='ocr_carea' id='block_1_4' title="bbox 332 5040 1208 5106">
    <p class='ocr_par' dir='ltr' id='par_1_10' title="bbox 332 5040 1208 5106">
     <span class='ocr_line' id='line_1_49' title="bbox 332 5040 1208 5106; baseline -0.018 2"><span class='ocrx_word' id='word_1_327' title='bbox 332 5055 346 5076; x_wconf 78' lang='lat'><strong>⁹</strong></span> <span class='ocrx_word' id='word_1_328' title='bbox 420 5052 448 5106; x_wconf 94' lang='lat' dir='ltr'><strong>iu</strong></span> <span class='ocrx_word' id='word_1_329' title='bbox 462 5052 513 5106; x_wconf 90' lang='lat' dir='ltr'><strong>isto</strong></span> <span class='ocrx_word' id='word_1_330' title='bbox 527 5050 646 5106; x_wconf 89' lang='lat' dir='ltr'><strong>fatemini</strong></span> <span class='ocrx_word' id='word_1_331' title='bbox 661 5050 803 5103; x_wconf 87' lang='lat' dir='ltr'><strong>itomanam</strong></span> <span class='ocrx_word' id='word_1_332' title='bbox 816 5045 977 5097; x_wconf 79' lang='lat' dir='ltr'><strong>volumtatem</strong></span> <span class='ocrx_word' id='word_1_333' title='bbox 994 5042 1063 5096; x_wconf 80' lang='lat' dir='ltr'><strong>uires</strong></span> <span class='ocrx_word' id='word_1_334' title='bbox 1078 5040 1208 5094; x_wconf 90' lang='lat' dir='ltr'><strong>bonorum</strong></span> 
     </span>
    </p>
   </div>
   <div class='ocr_carea' id='block_1_5' title="bbox 418 5128 1209 5392">
    <p class='ocr_par' dir='ltr' id='par_1_11' title="bbox 418 5128 1209 5392">
     <span class='ocr_line' id='line_1_50' title="bbox 420 5128 1208 5212; baseline -0.02 -15"><span class='ocrx_word' id='word_1_335' title='bbox 420 5155 532 5212; x_wconf 83' lang='lat' dir='ltr'><strong>operum</strong></span> <span class='ocrx_word' id='word_1_336' title='bbox 546 5138 707 5209; x_wconf 89' lang='lat' dir='ltr'><strong>pcrdidissc,</strong></span> <span class='ocrx_word' id='word_1_337' title='bbox 722 5136 765 5192; x_wconf 93' lang='lat' dir='ltr'><strong>cni</strong></span> <span class='ocrx_word' id='word_1_338' title='bbox 783 5134 832 5188; x_wconf 88' lang='lat' dir='ltr'><strong>nisi</strong></span> <span class='ocrx_word' id='word_1_339' title='bbox 850 5132 947 5187; x_wconf 79' lang='lat' dir='ltr'><strong>divinae</strong></span> <span class='ocrx_word' id='word_1_340' title='bbox 961 5131 1051 5201; x_wconf 77' lang='lat' dir='ltr'><strong>gratiae</strong></span> <span class='ocrx_word' id='word_1_341' title='bbox 1069 5128 1208 5184; x_wconf 82' lang='lat' dir='ltr'><strong>subveniat</strong></span> 
     </span>
     <span class='ocr_line' id='line_1_51' title="bbox 421 5225 1209 5300; baseline -0.018 -14"><span class='ocrx_word' id='word_1_342' title='bbox 421 5230 593 5300; x_wconf 78' lang='lat' dir='ltr'><strong>adjutorium,</strong></span> <span class='ocrx_word' id='word_1_343' title='bbox 608 5229 671 5300; x_wconf 93' lang='lat' dir='ltr'><strong>quid</strong></span> <span class='ocrx_word' id='word_1_344' title='bbox 683 5228 708 5284; x_wconf 92' lang='lat' dir='ltr'><strong>ei</strong></span> <span class='ocrx_word' id='word_1_345' title='bbox 723 5226 831 5297; x_wconf 87' lang='lat' dir='ltr'><strong>prodest</strong></span> <span class='ocrx_word' id='word_1_346' title='bbox 842 5225 979 5293; x_wconf 90' lang='lat' dir='ltr'><strong>copiosum</strong></span> <span class='ocrx_word' id='word_1_347' title='bbox 989 5230 1016 5277; x_wconf 88' lang='lat' dir='ltr'><strong>ct</strong></span> <span class='ocrx_word' id='word_1_348' title='bbox 1028 5230 1149 5275; x_wconf 87' lang='lat' dir='ltr'><strong>orrrutnm</strong></span> <span class='ocrx_word' id='word_1_349' title='bbox 1163 5235 1209 5273; x_wconf 92' lang='lat' dir='ltr'><strong>cu-</strong></span> 
     </span>
     <span class='ocr_line' id='line_1_52' title="bbox 418 5316 875 5392; baseline -0.028 -12"><span class='ocrx_word' id='word_1_350' title='bbox 418 5321 530 5392; x_wconf 81' lang='lat' dir='ltr'><strong>iuslibet</strong></span> <span class='ocrx_word' id='word_1_351' title='bbox 541 5320 707 5377; x_wconf 85' lang='lat' dir='ltr'><strong>exhortantis</strong></span> <span class='ocrx_word' id='word_1_352' title='bbox 721 5316 875 5388; x_wconf 82' lang='lat' dir='ltr'><strong>eloquium?</strong></span> 
     </span>
    </p>
   </div>
   <div class='ocr_carea' id='block_1_6' title="bbox 421 5442 1210 6207">
    <p class='ocr_par' dir='ltr' id='par_1_12' title="bbox 421 5442 1210 5758">
     <span class='ocr_line' id='line_1_53' title="bbox 453 5442 1210 5514; baseline -0.016 -11"><span class='ocrx_word' id='word_1_353' title='bbox 453 5455 462 5486; x_wconf 95' lang='lat'><strong>¹</strong></span> <span class='ocrx_word' id='word_1_354' title='bbox 480 5450 816 5514; x_wconf 86' lang='lat' dir='ltr'><strong>neuardusprlmoediderat,</strong></span> <span class='ocrx_word' id='word_1_355' title='bbox 826 5458 938 5510; x_wconf 74' lang='lat' dir='ltr'><strong>nmquam</strong></span> <span class='ocrx_word' id='word_1_356' title='bbox 946 5443 1066 5494; x_wconf 79' lang='lat' dir='ltr'><strong>boiorum</strong></span> <span class='ocrx_word' id='word_1_357' title='bbox 1076 5442 1210 5504; x_wconf 72' lang='lat' dir='ltr'><strong>rigaremus</strong></span> 
     </span>
     <span class='ocr_line' id='line_1_54' title="bbox 421 5501 1205 5571; baseline -0.019 -6"><span class='ocrx_word' id='word_1_358' title='bbox 421 5516 539 5571; x_wconf 71' lang='lat' dir='ltr'><strong>dirrexit,</strong></span> <span class='ocrx_word' id='word_1_359' title='bbox 549 5526 588 5563; x_wconf 85' lang='lat' dir='ltr'><strong>mo</strong></span> <span class='ocrx_word' id='word_1_360' title='bbox 681 5511 795 5562; x_wconf 73' lang='lat' dir='ltr'><strong>maurum</strong></span> <span class='ocrx_word' id='word_1_361' title='bbox 811 5506 912 5570; x_wconf 86' lang='lat' dir='ltr'><strong>cupium.</strong></span> <span class='ocrx_word' id='word_1_362' title='bbox 929 5506 990 5555; x_wconf 87' lang='lat' dir='ltr'><strong>libri</strong></span> <span class='ocrx_word' id='word_1_363' title='bbox 1004 5519 1062 5553; x_wconf 81' lang='lat' dir='ltr'><strong>vero</strong></span> <span class='ocrx_word' id='word_1_364' title='bbox 1084 5511 1136 5552; x_wconf 77' lang='lat' dir='ltr'><strong>t&#39;ss.</strong></span> <span class='ocrx_word' id='word_1_365' title='bbox 1147 5501 1205 5552; x_wconf 76' lang='grc' dir='ltr'>(ιιι.</span> 
     </span>
     <span class='ocr_line' id='line_1_55' title="bbox 422 5565 1207 5636; baseline -0.013 -12"><span class='ocrx_word' id='word_1_366' title='bbox 422 5582 583 5626; x_wconf 68' lang='lat' dir='ltr'><strong>nauarent.</strong></span> <span class='ocrx_word' id='word_1_367' title='bbox 627 5575 699 5631; x_wconf 87' lang='lat' dir='ltr'><strong>beot,</strong></span> <span class='ocrx_word' id='word_1_368' title='bbox 715 5582 830 5636; x_wconf 74' lang='lat' dir='ltr'><strong>nunqnam</strong></span> <span class='ocrx_word' id='word_1_369' title='bbox 845 5570 965 5620; x_wconf 87' lang='lat' dir='ltr'><strong>ltonorem.</strong></span> <span class='ocrx_word' id='word_1_370' title='bbox 984 5572 1010 5613; x_wconf 94' lang='lat' dir='ltr'><strong>tn</strong></span> <span class='ocrx_word' id='word_1_371' title='bbox 1028 5565 1133 5614; x_wconf 88' lang='lat' dir='ltr'><strong>editione</strong></span> <span class='ocrx_word' id='word_1_372' title='bbox 1152 5565 1207 5614; x_wconf 90' lang='lat' dir='ltr'><strong>anui</strong></span> 
     </span>
     <span class='ocr_line' id='line_1_56' title="bbox 423 5624 1208 5702; baseline -0.013 -16"><span class='ocrx_word' id='word_1_373' title='bbox 423 5637 483 5686; x_wconf 76' lang='lat' dir='ltr'><strong>tnta</strong></span> <span class='ocrx_word' id='word_1_374' title='bbox 493 5637 523 5686; x_wconf 90' lang='lat' dir='ltr'><strong>ad</strong></span> <span class='ocrx_word' id='word_1_375' title='bbox 534 5649 599 5687; x_wconf 88' lang='lat' dir='ltr'><strong>oram</strong></span> <span class='ocrx_word' id='word_1_376' title='bbox 610 5634 699 5684; x_wconf 70' lang='lat' dir='ltr'><strong>rudius</strong></span> <span class='ocrx_word' id='word_1_377' title='bbox 708 5640 815 5682; x_wconf 88' lang='lat' dir='ltr'><strong>notatum</strong></span> <span class='ocrx_word' id='word_1_378' title='bbox 827 5638 883 5702; x_wconf 27' lang='lat' dir='ltr'><strong>estu:</strong></span> <span class='ocrx_word' id='word_1_379' title='bbox 899 5634 996 5685; x_wconf 78' lang='lat' dir='ltr'><strong>«rome,</strong></span> <span class='ocrx_word' id='word_1_380' title='bbox 1015 5638 1127 5690; x_wconf 80' lang='lat' dir='ltr'><strong>ntaqrrttnt</strong></span> <span class='ocrx_word' id='word_1_381' title='bbox 1138 5624 1208 5676; x_wconf 85' lang='grc' dir='ltr'>ιιιιιιιι·</span> 
     </span>
     <span class='ocr_line' id='line_1_57' title="bbox 425 5690 971 5758; baseline -0.018 -13"><span class='ocrx_word' id='word_1_382' title='bbox 425 5710 504 5747; x_wconf 77' lang='lat' dir='ltr'><strong>«erun</strong></span> <span class='ocrx_word' id='word_1_383' title='bbox 514 5705 538 5749; x_wconf 88' lang='lat' dir='ltr'><strong>et</strong></span> <span class='ocrx_word' id='word_1_384' title='bbox 555 5698 673 5746; x_wconf 83' lang='lat' dir='ltr'><strong>malornm</strong></span> <span class='ocrx_word' id='word_1_385' title='bbox 687 5693 800 5758; x_wconf 85' lang='lat' dir='ltr'><strong>populum</strong></span> <span class='ocrx_word' id='word_1_386' title='bbox 809 5690 971 5752; x_wconf 74' lang='lat' dir='ltr'><strong>possedeant.»</strong></span> 
     </span>
    </p>

    <p class='ocr_par' dir='ltr' id='par_1_13' title="bbox 421 5745 1209 5942">
     <span class='ocr_line' id='line_1_58' title="bbox 454 5745 1209 5819; baseline -0.021 -9"><span class='ocrx_word' id='word_1_387' title='bbox 454 5761 548 5817; x_wconf 71' lang='lat' dir='ltr'><strong>’editi</strong></span> <span class='ocrx_word' id='word_1_388' title='bbox 573 5757 652 5808; x_wconf 80' lang='lat' dir='ltr'><strong>scorto</strong></span> <span class='ocrx_word' id='word_1_389' title='bbox 667 5756 803 5819; x_wconf 82' lang='lat' dir='ltr'><strong>doqrmtuur</strong></span> <span class='ocrx_word' id='word_1_390' title='bbox 825 5750 1039 5815; x_wconf 64' lang='lat' dir='ltr'><strong>stuporis-struerem</strong></span> <span class='ocrx_word' id='word_1_391' title='bbox 1064 5745 1209 5798; x_wconf 83' lang='lat' dir='ltr'><strong>lenocirmtnr</strong></span> 
     </span>
     <span class='ocr_line' id='line_1_59' title="bbox 421 5808 1209 5877; baseline -0.013 -8"><span class='ocrx_word' id='word_1_392' title='bbox 421 5819 530 5872; x_wconf 76' lang='grc' dir='ltr'>ιιιιιιιιιι.</span> <span class='ocrx_word' id='word_1_393' title='bbox 541 5828 630 5870; x_wconf 89' lang='lat' dir='ltr'><strong>omues</strong></span> <span class='ocrx_word' id='word_1_394' title='bbox 640 5825 703 5876; x_wconf 74' lang='lat' dir='ltr'><strong>nss,</strong></span> <span class='ocrx_word' id='word_1_395' title='bbox 714 5822 792 5867; x_wconf 83' lang='lat' dir='ltr'><strong>scorta</strong></span> <span class='ocrx_word' id='word_1_396' title='bbox 802 5813 938 5877; x_wconf 67' lang='lat' dir='ltr'><strong>deputatam</strong></span> <span class='ocrx_word' id='word_1_397' title='bbox 945 5808 1160 5876; x_wconf 84' lang='lat' dir='ltr'><strong>iurpurisst&#39;mornur</strong></span> <span class='ocrx_word' id='word_1_398' title='bbox 1174 5808 1209 5859; x_wconf 88' lang='lat' dir='ltr'><strong>lc·</strong></span> 
     </span>
     <span class='ocr_line' id='line_1_60' title="bbox 422 5878 1197 5942; baseline -0.017 -10"><span class='ocrx_word' id='word_1_399' title='bbox 422 5878 566 5932; x_wconf 70' lang='grc' dir='ltr'>ιιιώιαιιιιιι·</span> <span class='ocrx_word' id='word_1_400' title='bbox 576 5878 683 5929; x_wconf 73' lang='lat' dir='ltr'><strong>munus.</strong></span> <span class='ocrx_word' id='word_1_401' title='bbox 1192 5930 1197 5942; x_wconf 36' lang='lat'>⁸</span> 
     </span>
    </p>

    <p class='ocr_par' dir='ltr' id='par_1_14' title="bbox 423 5933 1209 6122">
     <span class='ocr_line' id='line_1_61' title="bbox 455 5933 1209 6012; baseline -0.019 -21"><span class='ocrx_word' id='word_1_402' title='bbox 455 5941 466 5974; x_wconf 84' lang='lat'>⁸</span> <span class='ocrx_word' id='word_1_403' title='bbox 482 5941 616 5998; x_wconf 84' lang='lat' dir='ltr'><strong>neuaulus,</strong></span> <span class='ocrx_word' id='word_1_404' title='bbox 631 5952 684 6012; x_wconf 78' lang='lat' dir='ltr'><strong>qrtoe</strong></span> <span class='ocrx_word' id='word_1_405' title='bbox 694 5939 753 5988; x_wconf 88' lang='lat' dir='ltr'><strong>dmn</strong></span> <span class='ocrx_word' id='word_1_406' title='bbox 766 5935 865 5999; x_wconf 86' lang='lat' dir='ltr'><strong>qnidmn</strong></span> <span class='ocrx_word' id='word_1_407' title='bbox 876 5935 932 5986; x_wconf 83' lang='lat' dir='ltr'><strong>tu&#39;tt&#39;o</strong></span> <span class='ocrx_word' id='word_1_408' title='bbox 942 5933 1013 6005; x_wconf 81' lang='lat' dir='ltr'><strong>nrultr</strong></span> <span class='ocrx_word' id='word_1_409' title='bbox 1034 5934 1209 5982; x_wconf 78' lang='lat' dir='ltr'><strong>emunctorium</strong></span> 
     </span>
     <span class='ocr_line' id='line_1_62' title="bbox 423 5994 1209 6060; baseline -0.018 -7"><span class='ocrx_word' id='word_1_410' title='bbox 423 6003 561 6053; x_wconf 78' lang='lat' dir='ltr'><strong>mordenti</strong></span> <span class='ocrx_word' id='word_1_411' title='bbox 580 6003 671 6051; x_wconf 88' lang='lat' dir='ltr'><strong>nicrrus</strong></span> <span class='ocrx_word' id='word_1_412' title='bbox 680 6013 734 6060; x_wconf 75' lang='lat' dir='ltr'><strong>qim</strong></span> <span class='ocrx_word' id='word_1_413' title='bbox 751 5999 808 6049; x_wconf 82' lang='lat' dir='ltr'><strong>dnrn</strong></span> <span class='ocrx_word' id='word_1_414' title='bbox 819 6000 932 6060; x_wconf 80' lang='lat' dir='ltr'><strong>quonium</strong></span> <span class='ocrx_word' id='word_1_415' title='bbox 940 5996 1002 6048; x_wconf 83' lang='lat' dir='ltr'><strong>titire</strong></span> <span class='ocrx_word' id='word_1_416' title='bbox 1010 5994 1081 6045; x_wconf 65' lang='lat' dir='ltr'><strong>nerlu*</strong></span> <span class='ocrx_word' id='word_1_417' title='bbox 1088 6000 1209 6045; x_wconf 75' lang='lat' dir='ltr'><strong>contuntu-</strong></span> 
     </span>
     <span class='ocr_line' id='line_1_63' title="bbox 424 6061 992 6122; baseline -0.012 -7"><span class='ocrx_word' id='word_1_418' title='bbox 424 6064 550 6117; x_wconf 70' lang='lat' dir='ltr'><strong>elimentur</strong></span> <span class='ocrx_word' id='word_1_419' title='bbox 568 6068 600 6113; x_wconf 84' lang='lat' dir='ltr'><strong>et.</strong></span> <span class='ocrx_word' id='word_1_420' title='bbox 616 6062 764 6122; x_wconf 78' lang='lat' dir='ltr'><strong>castigantur</strong></span> <span class='ocrx_word' id='word_1_421' title='bbox 777 6073 807 6109; x_wconf 82' lang='lat' dir='ltr'><strong>ex</strong></span> <span class='ocrx_word' id='word_1_422' title='bbox 821 6061 992 6122; x_wconf 84' lang='lat' dir='ltr'><strong>untruscriptis.</strong></span> 
     </span>
    </p>

    <p class='ocr_par' dir='ltr' id='par_1_15' title="bbox 454 6121 752 6207">
     <span class='ocr_line' id='line_1_64' title="bbox 454 6121 752 6207; baseline -0.017 -31"><span class='ocrx_word' id='word_1_423' title='bbox 454 6126 513 6175; x_wconf 73' lang='lat' dir='ltr'><strong>¹sic</strong></span> <span class='ocrx_word' id='word_1_424' title='bbox 523 6131 575 6175; x_wconf 83' lang='lat' dir='ltr'><strong>ttss.</strong></span> <span class='ocrx_word' id='word_1_425' title='bbox 588 6123 655 6188; x_wconf 85' lang='lat' dir='ltr'><strong>t&#39;diti,</strong></span> <span class='ocrx_word' id='word_1_426' title='bbox 664 6121 752 6207; x_wconf 68' lang='lat' dir='ltr'><strong>moitis.</strong></span> 
     </span>
    </p>
   </div>
   <div class='ocr_carea' id='block_1_7' title="bbox 1056 673 1360 734">
    <p class='ocr_par' dir='ltr' id='par_1_16' title="bbox 1056 673 1360 734">
     <span class='ocr_line' id='line_1_65' title="bbox 1056 673 1360 734; baseline -0.013 -4"><span class='ocrx_word' id='word_1_427' title='bbox 1056 673 1154 730; x_wconf 77' lang='lat' dir='ltr'><strong>ttnttt</strong></span> <span class='ocrx_word' id='word_1_428' title='bbox 1174 673 1360 734; x_wconf 73' lang='lat' dir='ltr'>SECUNDUS.</span> 
     </span>
    </p>
   </div>
   <div class='ocr_carea' id='block_1_8' title="bbox 1959 680 2030 736">
    <p class='ocr_par' dir='ltr' id='par_1_17' title="bbox 1959 680 2030 736">
     <span class='ocr_line' id='line_1_66' title="bbox 1959 680 2030 736; baseline -0.014 0"><span class='ocrx_word' id='word_1_429' title='bbox 1959 680 2030 736; x_wconf 81' lang='lat' dir='ltr'><strong>tito</strong></span> 
     </span>
    </p>
   </div>
   <div class='ocr_carea' id='block_1_9' title="bbox 1247 787 2048 5759">
    <p class='ocr_par' dir='ltr' id='par_1_18' title="bbox 1247 787 2037 2385">
     <span class='ocr_line' id='line_1_67' title="bbox 1286 787 2032 863; baseline 0.004 -20"><span class='ocrx_word' id='word_1_430' title='bbox 1286 789 1330 843; x_wconf 90' lang='grc' dir='ltr'>ιιι.</span> <span class='ocrx_word' id='word_1_431' title='bbox 1347 787 1404 842; x_wconf 82' lang='grc' dir='ltr'>ιιι.</span> <span class='ocrx_word' id='word_1_432' title='bbox 1421 790 1455 842; x_wconf 80' lang='grc' dir='ltr'><strong>ιι</strong></span> <span class='ocrx_word' id='word_1_433' title='bbox 1469 803 1538 842; x_wconf 92' lang='lat' dir='ltr'><strong>nuuc</strong></span> <span class='ocrx_word' id='word_1_434' title='bbox 1553 797 1691 860; x_wconf 85' lang='lat' dir='ltr'><strong>postquam</strong></span> <span class='ocrx_word' id='word_1_435' title='bbox 1704 805 1752 861; x_wconf 90' lang='lat' dir='ltr'><strong>pro</strong></span> <span class='ocrx_word' id='word_1_436' title='bbox 1764 790 1939 859; x_wconf 85' lang='lat' dir='ltr'><strong>medicamine</strong></span> <span class='ocrx_word' id='word_1_437' title='bbox 1952 798 2032 863; x_wconf 70' lang='lat' dir='ltr'><strong>coepit</strong></span> 
     </span>
     <span class='ocr_line' id='line_1_68' title="bbox 1247 876 2032 948; baseline 0 -13"><span class='ocrx_word' id='word_1_438' title='bbox 1247 880 1354 942; x_wconf 83' lang='lat' dir='ltr'><strong>oderri,</strong></span> <span class='ocrx_word' id='word_1_439' title='bbox 1370 888 1397 933; x_wconf 92' lang='lat' dir='ltr'><strong>et</strong></span> <span class='ocrx_word' id='word_1_440' title='bbox 1415 876 1584 934; x_wconf 84' lang='lat' dir='ltr'><strong>delectationi</strong></span> <span class='ocrx_word' id='word_1_441' title='bbox 1606 881 1717 936; x_wconf 83' lang='lat' dir='ltr'><strong>accessit</strong></span> <span class='ocrx_word' id='word_1_442' title='bbox 1736 883 1896 948; x_wconf 92' lang='lat' dir='ltr'><strong>auctoritas,</strong></span> <span class='ocrx_word' id='word_1_443' title='bbox 1919 893 1948 936; x_wconf 93' lang='lat' dir='ltr'><strong>ut</strong></span> <span class='ocrx_word' id='word_1_444' title='bbox 1968 897 2032 937; x_wconf 86' lang='lat' dir='ltr'><strong>corr-</strong></span> 
     </span>
     <span class='ocr_line' id='line_1_69' title="bbox 1248 969 2031 1042; baseline -0.001 -16"><span class='ocrx_word' id='word_1_445' title='bbox 1248 985 1328 1026; x_wconf 86' lang='lat' dir='ltr'><strong>sensu</strong></span> <span class='ocrx_word' id='word_1_446' title='bbox 1343 971 1350 1001; x_wconf 81' lang='lat'><strong>¹</strong></span> <span class='ocrx_word' id='word_1_447' title='bbox 1365 984 1432 1038; x_wconf 92' lang='lat' dir='ltr'><strong>peuc</strong></span> <span class='ocrx_word' id='word_1_448' title='bbox 1446 969 1555 1036; x_wconf 86' lang='lat' dir='ltr'><strong>urotrdi,</strong></span> <span class='ocrx_word' id='word_1_449' title='bbox 1570 971 1779 1041; x_wconf 87' lang='lat' dir='ltr'><strong>membripotens</strong></span> <span class='ocrx_word' id='word_1_450' title='bbox 1790 973 1880 1042; x_wconf 85' lang='lat' dir='ltr'><strong>regina</strong></span> <span class='ocrx_word' id='word_1_451' title='bbox 1892 973 2031 1037; x_wconf 89' lang='lat' dir='ltr'><strong>mentium,</strong></span> 
     </span>
     <span class='ocr_line' id='line_1_70' title="bbox 1248 1058 2032 1130; baseline 0 -15"><span class='ocrx_word' id='word_1_452' title='bbox 1248 1059 1421 1130; x_wconf 81' lang='lat' dir='ltr'><strong>expugnatrix</strong></span> <span class='ocrx_word' id='word_1_453' title='bbox 1437 1058 1592 1124; x_wconf 84' lang='lat' dir='ltr'><strong>lrouestatis,</strong></span> <span class='ocrx_word' id='word_1_454' title='bbox 1606 1069 1633 1114; x_wconf 93' lang='lat' dir='ltr'><strong>et</strong></span> <span class='ocrx_word' id='word_1_455' title='bbox 1647 1062 1742 1115; x_wconf 83' lang='lat' dir='ltr'><strong>inuicta</strong></span> <span class='ocrx_word' id='word_1_456' title='bbox 1753 1061 1902 1116; x_wconf 89' lang='lat' dir='ltr'><strong>animorum</strong></span> <span class='ocrx_word' id='word_1_457' title='bbox 1914 1062 2032 1116; x_wconf 90' lang='lat' dir='ltr'><strong>omnium</strong></span> 
     </span>
     <span class='ocr_line' id='line_1_71' title="bbox 1248 1148 2033 1221; baseline 0.001 -15"><span class='ocrx_word' id='word_1_458' title='bbox 1248 1150 1403 1221; x_wconf 76' lang='lat' dir='ltr'><strong>captivatrix</strong></span> <span class='ocrx_word' id='word_1_459' title='bbox 1418 1148 1552 1219; x_wconf 90' lang='lat' dir='ltr'><strong>turpitudo</strong></span> <span class='ocrx_word' id='word_1_460' title='bbox 1569 1150 1763 1205; x_wconf 88' lang='lat' dir='ltr'><strong>baccharetur:</strong></span> <span class='ocrx_word' id='word_1_461' title='bbox 1780 1151 1856 1206; x_wconf 92' lang='lat' dir='ltr'><strong>uobis</strong></span> <span class='ocrx_word' id='word_1_462' title='bbox 1872 1162 1971 1221; x_wconf 90' lang='lat' dir='ltr'><strong>quanto</strong></span> <span class='ocrx_word' id='word_1_463' title='bbox 1986 1153 2033 1207; x_wconf 85' lang='lat' dir='ltr'><strong>iro·</strong></span> 
     </span>
     <span class='ocr_line' id='line_1_72' title="bbox 1248 1241 2032 1308; baseline 0 -10"><span class='ocrx_word' id='word_1_464' title='bbox 1248 1243 1358 1308; x_wconf 86' lang='lat' dir='ltr'><strong>uestior,</strong></span> <span class='ocrx_word' id='word_1_465' title='bbox 1374 1249 1447 1296; x_wconf 93' lang='lat' dir='ltr'><strong>tanto</strong></span> <span class='ocrx_word' id='word_1_466' title='bbox 1459 1241 1550 1295; x_wconf 88' lang='lat' dir='ltr'><strong>durior</strong></span> <span class='ocrx_word' id='word_1_467' title='bbox 1564 1242 1669 1296; x_wconf 73' lang='lat' dir='ltr'><strong>tuendae</strong></span> <span class='ocrx_word' id='word_1_468' title='bbox 1682 1243 1802 1297; x_wconf 84' lang='lat' dir='ltr'><strong>ueritatis</strong></span> <span class='ocrx_word' id='word_1_469' title='bbox 1811 1258 1891 1298; x_wconf 87' lang='lat' dir='ltr'><strong>cansa</strong></span> <span class='ocrx_word' id='word_1_470' title='bbox 1902 1243 1969 1298; x_wconf 86' lang='lat' dir='ltr'><strong>facta</strong></span> <span class='ocrx_word' id='word_1_471' title='bbox 1981 1253 2032 1299; x_wconf 91' lang='lat' dir='ltr'><strong>est.</strong></span> 
     </span>
     <span class='ocr_line' id='line_1_73' title="bbox 1248 1334 2034 1404; baseline 0.004 -17"><span class='ocrx_word' id='word_1_472' title='bbox 1248 1335 1314 1404; x_wconf 84' lang='lat' dir='ltr'><strong>Quia</strong></span> <span class='ocrx_word' id='word_1_473' title='bbox 1329 1344 1420 1390; x_wconf 85' lang='lat' dir='ltr'><strong>corrtra</strong></span> <span class='ocrx_word' id='word_1_474' title='bbox 1434 1334 1584 1404; x_wconf 78' lang='lat' dir='ltr'><strong>praecipites</strong></span> <span class='ocrx_word' id='word_1_475' title='bbox 1605 1335 1715 1404; x_wconf 91' lang='lat' dir='ltr'><strong>populos</strong></span> <span class='ocrx_word' id='word_1_476' title='bbox 1734 1343 1762 1389; x_wconf 91' lang='lat' dir='ltr'><strong>et</strong></span> <span class='ocrx_word' id='word_1_477' title='bbox 1781 1336 1838 1389; x_wconf 92' lang='lat' dir='ltr'><strong>suis</strong></span> <span class='ocrx_word' id='word_1_478' title='bbox 1850 1335 1976 1392; x_wconf 88' lang='lat' dir='ltr'><strong>remediis</strong></span> <span class='ocrx_word' id='word_1_479' title='bbox 1994 1337 2034 1390; x_wconf 89' lang='lat' dir='ltr'><strong>iu·</strong></span> 
     </span>
     <span class='ocr_line' id='line_1_74' title="bbox 1249 1424 2035 1490; baseline 0 -10"><span class='ocrx_word' id='word_1_480' title='bbox 1249 1425 1354 1490; x_wconf 78' lang='lat' dir='ltr'><strong>sensus,</strong></span> <span class='ocrx_word' id='word_1_481' title='bbox 1375 1441 1427 1479; x_wconf 90' lang='lat' dir='ltr'><strong>non</strong></span> <span class='ocrx_word' id='word_1_482' title='bbox 1443 1426 1554 1479; x_wconf 90' lang='lat' dir='ltr'><strong>muitum</strong></span> <span class='ocrx_word' id='word_1_483' title='bbox 1569 1424 1640 1478; x_wconf 81' lang='lat' dir='ltr'><strong>valet</strong></span> <span class='ocrx_word' id='word_1_484' title='bbox 1652 1425 1745 1479; x_wconf 89' lang='lat' dir='ltr'><strong>raritas</strong></span> <span class='ocrx_word' id='word_1_485' title='bbox 1766 1426 1887 1480; x_wconf 87' lang='lat' dir='ltr'><strong>oratioue</strong></span> <span class='ocrx_word' id='word_1_486' title='bbox 1900 1426 2035 1480; x_wconf 74' lang='lat' dir='ltr'><strong>medicau-</strong></span> 
     </span>
     <span class='ocr_line' id='line_1_75' title="bbox 1250 1515 2035 1587; baseline 0 -16"><span class='ocrx_word' id='word_1_487' title='bbox 1250 1519 1324 1571; x_wconf 90' lang='lat' dir='ltr'><strong>tiuur.</strong></span> <span class='ocrx_word' id='word_1_488' title='bbox 1340 1515 1408 1583; x_wconf 80' lang='lat' dir='ltr'><strong>Quid</strong></span> <span class='ocrx_word' id='word_1_489' title='bbox 1422 1517 1518 1586; x_wconf 83' lang='lat' dir='ltr'><strong>igitur?</strong></span> <span class='ocrx_word' id='word_1_490' title='bbox 1534 1515 1663 1570; x_wconf 88' lang='lat' dir='ltr'><strong>horumne</strong></span> <span class='ocrx_word' id='word_1_491' title='bbox 1675 1516 1785 1581; x_wconf 87' lang='lat' dir='ltr'><strong>iutuitu,</strong></span> <span class='ocrx_word' id='word_1_492' title='bbox 1804 1517 1922 1587; x_wconf 88' lang='lat' dir='ltr'><strong>receptui</strong></span> <span class='ocrx_word' id='word_1_493' title='bbox 1939 1532 2035 1572; x_wconf 86' lang='lat' dir='ltr'><strong>cauere</strong></span> 
     </span>
     <span class='ocr_line' id='line_1_76' title="bbox 1249 1605 2034 1673; baseline 0.001 -12"><span class='ocrx_word' id='word_1_494' title='bbox 1249 1605 1414 1673; x_wconf 89' lang='lat' dir='ltr'><strong>debebimus,</strong></span> <span class='ocrx_word' id='word_1_495' title='bbox 1424 1615 1450 1661; x_wconf 88' lang='lat' dir='ltr'><strong>et</strong></span> <span class='ocrx_word' id='word_1_496' title='bbox 1459 1607 1634 1661; x_wconf 88' lang='lat' dir='ltr'><strong>contumelias</strong></span> <span class='ocrx_word' id='word_1_497' title='bbox 1645 1617 1750 1661; x_wconf 91' lang='lat' dir='ltr'><strong>nostras</strong></span> <span class='ocrx_word' id='word_1_498' title='bbox 1759 1606 1842 1660; x_wconf 92' lang='lat' dir='ltr'><strong>ultum</strong></span> <span class='ocrx_word' id='word_1_499' title='bbox 1853 1606 1891 1661; x_wconf 92' lang='lat' dir='ltr'><strong>ire</strong></span> <span class='ocrx_word' id='word_1_500' title='bbox 1901 1607 2034 1669; x_wconf 87' lang='lat' dir='ltr'><strong>silentio¹,</strong></span> 
     </span>
     <span class='ocr_line' id='line_1_77' title="bbox 1250 1695 2037 1767; baseline -0.003 -17"><span class='ocrx_word' id='word_1_501' title='bbox 1250 1712 1281 1751; x_wconf 90' lang='lat' dir='ltr'><strong>ac</strong></span> <span class='ocrx_word' id='word_1_502' title='bbox 1299 1695 1332 1752; x_wconf 93' lang='lat' dir='ltr'><strong>dc</strong></span> <span class='ocrx_word' id='word_1_503' title='bbox 1354 1698 1523 1751; x_wconf 74' lang='lat' dir='ltr'><strong>couscientia</strong></span> <span class='ocrx_word' id='word_1_504' title='bbox 1544 1707 1621 1767; x_wconf 90' lang='lat' dir='ltr'><strong>portu</strong></span> <span class='ocrx_word' id='word_1_505' title='bbox 1635 1698 1749 1751; x_wconf 88' lang='lat' dir='ltr'><strong>aliorum</strong></span> <span class='ocrx_word' id='word_1_506' title='bbox 1770 1697 1858 1752; x_wconf 89' lang='lat' dir='ltr'><strong>ridere</strong></span> <span class='ocrx_word' id='word_1_507' title='bbox 1881 1696 2037 1766; x_wconf 74' lang='lat' dir='ltr'><strong>naufragia?</strong></span> 
     </span>
     <span class='ocr_line' id='line_1_78' title="bbox 1251 1787 2037 1859; baseline 0 -17"><span class='ocrx_word' id='word_1_508' title='bbox 1251 1787 1348 1843; x_wconf 83' lang='lat' dir='ltr'><strong>i&#39;erum</strong></span> <span class='ocrx_word' id='word_1_509' title='bbox 1361 1788 1518 1843; x_wconf 89' lang='lat' dir='ltr'><strong>contradicit</strong></span> <span class='ocrx_word' id='word_1_510' title='bbox 1532 1789 1594 1843; x_wconf 86' lang='lat' dir='ltr'><strong>lruic</strong></span> <span class='ocrx_word' id='word_1_511' title='bbox 1612 1789 1684 1855; x_wconf 91' lang='lat' dir='ltr'><strong>odio,</strong></span> <span class='ocrx_word' id='word_1_512' title='bbox 1699 1789 1784 1858; x_wconf 91' lang='lat' dir='ltr'><strong>primo</strong></span> <span class='ocrx_word' id='word_1_513' title='bbox 1797 1789 1945 1859; x_wconf 90' lang='lat' dir='ltr'><strong>benignitas</strong></span> <span class='ocrx_word' id='word_1_514' title='bbox 1956 1805 2037 1858; x_wconf 90' lang='lat' dir='ltr'><strong>quam</strong></span> 
     </span>
     <span class='ocr_line' id='line_1_79' title="bbox 1249 1877 2037 1949; baseline 0.001 -18"><span class='ocrx_word' id='word_1_515' title='bbox 1249 1877 1339 1947; x_wconf 88' lang='lat' dir='ltr'><strong>gcucri</strong></span> <span class='ocrx_word' id='word_1_516' title='bbox 1353 1877 1482 1933; x_wconf 87' lang='lat' dir='ltr'><strong>debemus</strong></span> <span class='ocrx_word' id='word_1_517' title='bbox 1495 1877 1624 1943; x_wconf 82' lang='lat' dir='ltr'><strong>burnan03</strong></span> <span class='ocrx_word' id='word_1_518' title='bbox 1638 1879 1764 1948; x_wconf 88' lang='lat' dir='ltr'><strong>deinceps</strong></span> <span class='ocrx_word' id='word_1_519' title='bbox 1778 1894 1850 1949; x_wconf 88' lang='lat' dir='ltr'><strong>spes,</strong></span> <span class='ocrx_word' id='word_1_520' title='bbox 1867 1880 1942 1945; x_wconf 88' lang='lat' dir='ltr'><strong>fides,</strong></span> <span class='ocrx_word' id='word_1_521' title='bbox 1956 1894 2037 1948; x_wconf 89' lang='lat' dir='ltr'><strong>quam</strong></span> 
     </span>
     <span class='ocr_line' id='line_1_80' title="bbox 1249 1967 2037 2040; baseline 0 -18"><span class='ocrx_word' id='word_1_522' title='bbox 1249 1967 1378 2023; x_wconf 90' lang='lat' dir='ltr'><strong>lrabeurns</strong></span> <span class='ocrx_word' id='word_1_523' title='bbox 1390 1968 1416 2021; x_wconf 90' lang='lat' dir='ltr'><strong>in</strong></span> <span class='ocrx_word' id='word_1_524' title='bbox 1431 1968 1530 2031; x_wconf 73' lang='grc' dir='ltr'>ὓιιιιιι,</span> <span class='ocrx_word' id='word_1_525' title='bbox 1549 1969 1592 2038; x_wconf 93' lang='lat' dir='ltr'><strong>qui</strong></span> <span class='ocrx_word' id='word_1_526' title='bbox 1606 1978 1680 2023; x_wconf 84' lang='lat' dir='ltr'><strong>extra</strong></span> <span class='ocrx_word' id='word_1_527' title='bbox 1700 1969 1725 2022; x_wconf 94' lang='lat' dir='ltr'><strong>id</strong></span> <span class='ocrx_word' id='word_1_528' title='bbox 1740 1970 1811 2040; x_wconf 92' lang='lat' dir='ltr'><strong>quod</strong></span> <span class='ocrx_word' id='word_1_529' title='bbox 1827 1969 1979 2038; x_wconf 82' lang='lat' dir='ltr'><strong>frequenter</strong></span> <span class='ocrx_word' id='word_1_530' title='bbox 1989 1968 2037 2022; x_wconf 87' lang='lat' dir='ltr'><strong>de·</strong></span> 
     </span>
     <span class='ocr_line' id='line_1_81' title="bbox 1248 2059 2037 2131; baseline -0.003 -17"><span class='ocrx_word' id='word_1_531' title='bbox 1248 2070 1369 2131; x_wconf 89' lang='lat' dir='ltr'><strong>speratas</strong></span> <span class='ocrx_word' id='word_1_532' title='bbox 1378 2067 1525 2128; x_wconf 89' lang='lat' dir='ltr'><strong>temporum</strong></span> <span class='ocrx_word' id='word_1_533' title='bbox 1535 2059 1632 2115; x_wconf 81' lang='lat' dir='ltr'><strong>letavit</strong></span> <span class='ocrx_word' id='word_1_534' title='bbox 1642 2061 1748 2125; x_wconf 86' lang='lat' dir='ltr'><strong>ruinas;</strong></span> <span class='ocrx_word' id='word_1_535' title='bbox 1761 2061 1936 2115; x_wconf 90' lang='lat' dir='ltr'><strong>constantiam</strong></span> <span class='ocrx_word' id='word_1_536' title='bbox 1947 2068 2037 2113; x_wconf 89' lang='lat' dir='ltr'><strong>tamen</strong></span> 
     </span>
     <span class='ocr_line' id='line_1_82' title="bbox 1249 2149 2036 2220; baseline -0.001 -17"><span class='ocrx_word' id='word_1_537' title='bbox 1249 2165 1327 2220; x_wconf 92' lang='lat' dir='ltr'><strong>quam</strong></span> <span class='ocrx_word' id='word_1_538' title='bbox 1340 2165 1423 2220; x_wconf 91' lang='lat' dir='ltr'><strong>usque</strong></span> <span class='ocrx_word' id='word_1_539' title='bbox 1436 2149 1469 2204; x_wconf 87' lang='lat' dir='ltr'><strong>ad</strong></span> <span class='ocrx_word' id='word_1_540' title='bbox 1480 2151 1572 2205; x_wconf 90' lang='lat' dir='ltr'><strong>mortis</strong></span> <span class='ocrx_word' id='word_1_541' title='bbox 1585 2150 1678 2205; x_wconf 89' lang='lat' dir='ltr'><strong>boram</strong></span> <span class='ocrx_word' id='word_1_542' title='bbox 1691 2152 1810 2206; x_wconf 84' lang='lat' dir='ltr'><strong>exerceri</strong></span> <span class='ocrx_word' id='word_1_543' title='bbox 1825 2151 1917 2215; x_wconf 83' lang='lat' dir='ltr'><strong>voluit,</strong></span> <span class='ocrx_word' id='word_1_544' title='bbox 1933 2150 2036 2205; x_wconf 90' lang='lat' dir='ltr'><strong>etiamsi</strong></span> 
     </span>
     <span class='ocr_line' id='line_1_83' title="bbox 1251 2241 2037 2311; baseline -0.003 -17"><span class='ocrx_word' id='word_1_545' title='bbox 1251 2241 1338 2295; x_wconf 87' lang='lat' dir='ltr'><strong>nullus</strong></span> <span class='ocrx_word' id='word_1_546' title='bbox 1358 2242 1383 2294; x_wconf 92' lang='lat' dir='ltr'><strong>iu</strong></span> <span class='ocrx_word' id='word_1_547' title='bbox 1405 2242 1605 2310; x_wconf 73' lang='lat' dir='ltr'><strong>presentiarum</strong></span> <span class='ocrx_word' id='word_1_548' title='bbox 1627 2251 1783 2311; x_wconf 86' lang='lat' dir='ltr'><strong>sequeretur</strong></span> <span class='ocrx_word' id='word_1_549' title='bbox 1806 2241 1916 2296; x_wconf 87' lang='lat' dir='ltr'><strong>effectus</strong></span> <span class='ocrx_word' id='word_1_550' title='bbox 1938 2247 2037 2295; x_wconf 68' lang='lat' dir='ltr'><strong>aeterne</strong></span> 
     </span>
     <span class='ocr_line' id='line_1_84' title="bbox 1252 2331 1598 2385; baseline -0.003 -1"><span class='ocrx_word' id='word_1_551' title='bbox 1252 2331 1466 2385; x_wconf 88' lang='lat' dir='ltr'><strong>rctnnueratiunc</strong></span> <span class='ocrx_word' id='word_1_552' title='bbox 1481 2331 1598 2385; x_wconf 80' lang='lat' dir='ltr'><strong>dotrarit.</strong></span> 
     </span>
    </p>

    <p class='ocr_par' dir='ltr' id='par_1_19' title="bbox 1252 2421 2041 3130">
     <span class='ocr_line' id='line_1_85' title="bbox 1287 2421 2037 2488; baseline -0.003 -13"><span class='ocrx_word' id='word_1_553' title='bbox 1287 2423 1353 2488; x_wconf 70' lang='lat' dir='ltr'><strong>bue.</strong></span> <span class='ocrx_word' id='word_1_554' title='bbox 1368 2422 1505 2487; x_wconf 80' lang='lat' dir='ltr'><strong>Quomodo</strong></span> <span class='ocrx_word' id='word_1_555' title='bbox 1520 2422 1589 2475; x_wconf 77' lang='lat' dir='ltr'><strong>ter-ut</strong></span> <span class='ocrx_word' id='word_1_556' title='bbox 1610 2421 1681 2477; x_wconf 79' lang='lat' dir='ltr'><strong>lions</strong></span> <span class='ocrx_word' id='word_1_557' title='bbox 1699 2421 1789 2476; x_wconf 90' lang='lat' dir='ltr'><strong>ruinas</strong></span> <span class='ocrx_word' id='word_1_558' title='bbox 1803 2423 1931 2475; x_wconf 90' lang='lat' dir='ltr'><strong>malarum</strong></span> <span class='ocrx_word' id='word_1_559' title='bbox 1945 2421 2037 2476; x_wconf 68' lang='lat' dir='ltr'><strong>rotun</strong></span> 
     </span>
     <span class='ocr_line' id='line_1_86' title="bbox 1253 2508 2037 2579; baseline 0 -16"><span class='ocrx_word' id='word_1_560' title='bbox 1253 2518 1335 2563; x_wconf 90' lang='lat' dir='ltr'><strong>tatum</strong></span> <span class='ocrx_word' id='word_1_561' title='bbox 1347 2510 1406 2579; x_wconf 80' lang='lat' dir='ltr'><strong>(pen</strong></span> <span class='ocrx_word' id='word_1_562' title='bbox 1415 2524 1482 2578; x_wconf 92' lang='lat' dir='ltr'><strong>quas</strong></span> <span class='ocrx_word' id='word_1_563' title='bbox 1495 2510 1584 2579; x_wconf 90' lang='lat' dir='ltr'><strong>utiquc</strong></span> <span class='ocrx_word' id='word_1_564' title='bbox 1596 2520 1715 2578; x_wconf 88' lang='lat' dir='ltr'><strong>tempora</strong></span> <span class='ocrx_word' id='word_1_565' title='bbox 1723 2511 1916 2578; x_wconf 76' lang='lat' dir='ltr'><strong>vituperantur,</strong></span> <span class='ocrx_word' id='word_1_566' title='bbox 1931 2508 2037 2578; x_wconf 88' lang='lat' dir='ltr'><strong>quaudo</strong></span> 
     </span>
     <span class='ocr_line' id='line_1_87' title="bbox 1253 2599 2039 2673; baseline -0.003 -17"><span class='ocrx_word' id='word_1_567' title='bbox 1253 2610 1325 2656; x_wconf 89' lang='lat' dir='ltr'><strong>recte</strong></span> <span class='ocrx_word' id='word_1_568' title='bbox 1340 2599 1547 2673; x_wconf 81' lang='lat' dir='ltr'><strong>vituperantur),</strong></span> <span class='ocrx_word' id='word_1_569' title='bbox 1570 2601 1619 2656; x_wconf 90' lang='lat' dir='ltr'><strong>nisi</strong></span> <span class='ocrx_word' id='word_1_570' title='bbox 1634 2602 1717 2656; x_wconf 91' lang='lat' dir='ltr'><strong>bonas</strong></span> <span class='ocrx_word' id='word_1_571' title='bbox 1736 2601 1885 2655; x_wconf 75' lang='lat' dir='ltr'><strong>t&#39;oluttitties</strong></span> <span class='ocrx_word' id='word_1_572' title='bbox 1904 2601 2039 2670; x_wconf 89' lang='lat' dir='ltr'><strong>operando</strong></span> 
     </span>
     <span class='ocr_line' id='line_1_88' title="bbox 1253 2690 2039 2759; baseline -0.003 -13"><span class='ocrx_word' id='word_1_573' title='bbox 1253 2692 1279 2746; x_wconf 91' lang='lat' dir='ltr'><strong>iu</strong></span> <span class='ocrx_word' id='word_1_574' title='bbox 1295 2690 1419 2746; x_wconf 88' lang='lat' dir='ltr'><strong>cordibus</strong></span> <span class='ocrx_word' id='word_1_575' title='bbox 1437 2691 1595 2745; x_wconf 80' lang='lat' dir='ltr'><strong>lrourirrunri</strong></span> <span class='ocrx_word' id='word_1_576' title='bbox 1608 2692 1660 2745; x_wconf 76' lang='lat' dir='ltr'><strong>bnt</strong></span> <span class='ocrx_word' id='word_1_577' title='bbox 1679 2691 1701 2745; x_wconf 91' lang='lat' dir='ltr'><strong>si</strong></span> <span class='ocrx_word' id='word_1_578' title='bbox 1722 2700 1848 2759; x_wconf 86' lang='lat' dir='ltr'><strong>possunt,</strong></span> <span class='ocrx_word' id='word_1_579' title='bbox 1871 2690 1935 2759; x_wconf 83' lang='lat' dir='ltr'><strong>ipsm</strong></span> <span class='ocrx_word' id='word_1_580' title='bbox 1950 2704 1979 2745; x_wconf 91' lang='lat' dir='ltr'><strong>sc</strong></span> <span class='ocrx_word' id='word_1_581' title='bbox 2001 2691 2039 2744; x_wconf 88' lang='lat' dir='ltr'><strong>le-</strong></span> 
     </span>
     <span class='ocr_line' id='line_1_89' title="bbox 1252 2782 2039 2852; baseline -0.001 -16"><span class='ocrx_word' id='word_1_582' title='bbox 1252 2791 1325 2849; x_wconf 81' lang='lat' dir='ltr'><strong>vent,</strong></span> <span class='ocrx_word' id='word_1_583' title='bbox 1341 2783 1408 2836; x_wconf 89' lang='lat' dir='ltr'><strong>sieut</strong></span> <span class='ocrx_word' id='word_1_584' title='bbox 1418 2782 1616 2838; x_wconf 91' lang='lat' dir='ltr'><strong>dementissime</strong></span> <span class='ocrx_word' id='word_1_585' title='bbox 1626 2782 1776 2849; x_wconf 89' lang='lat' dir='ltr'><strong>sentiendo,</strong></span> <span class='ocrx_word' id='word_1_586' title='bbox 1788 2798 1882 2852; x_wconf 89' lang='lat' dir='ltr'><strong>magua</strong></span> <span class='ocrx_word' id='word_1_587' title='bbox 1893 2783 1968 2836; x_wconf 91' lang='lat' dir='ltr'><strong>ruina</strong></span> <span class='ocrx_word' id='word_1_588' title='bbox 1979 2782 2039 2836; x_wconf 89' lang='lat' dir='ltr'><strong>facti</strong></span> 
     </span>
     <span class='ocr_line' id='line_1_90' title="bbox 1253 2873 2040 2944; baseline -0.005 -14"><span class='ocrx_word' id='word_1_589' title='bbox 1253 2875 1329 2930; x_wconf 90' lang='lat' dir='ltr'><strong>estis.</strong></span> <span class='ocrx_word' id='word_1_590' title='bbox 1345 2873 1419 2929; x_wconf 91' lang='lat' dir='ltr'><strong>llnde</strong></span> <span class='ocrx_word' id='word_1_591' title='bbox 1434 2889 1481 2942; x_wconf 93' lang='lat' dir='ltr'><strong>pro</strong></span> <span class='ocrx_word' id='word_1_592' title='bbox 1497 2874 1571 2929; x_wconf 87' lang='lat' dir='ltr'><strong>robis</strong></span> <span class='ocrx_word' id='word_1_593' title='bbox 1585 2874 1670 2944; x_wconf 91' lang='lat' dir='ltr'><strong>ipsum</strong></span> <span class='ocrx_word' id='word_1_594' title='bbox 1688 2888 1833 2943; x_wconf 89' lang='lat' dir='ltr'><strong>rogamus.</strong></span> <span class='ocrx_word' id='word_1_595' title='bbox 1847 2875 2040 2943; x_wconf 88' lang='lat' dir='ltr'><strong>atqueutiuaur</strong></span> 
     </span>
     <span class='ocr_line' id='line_1_91' title="bbox 1253 2964 2041 3036; baseline 0 -16"><span class='ocrx_word' id='word_1_596' title='bbox 1253 2966 1292 3021; x_wconf 90' lang='lat' dir='ltr'><strong>sic</strong></span> <span class='ocrx_word' id='word_1_597' title='bbox 1308 2965 1389 3021; x_wconf 89' lang='lat' dir='ltr'><strong>etiam</strong></span> <span class='ocrx_word' id='word_1_598' title='bbox 1410 2964 1445 3021; x_wconf 87' lang='lat' dir='ltr'><strong>de</strong></span> <span class='ocrx_word' id='word_1_599' title='bbox 1464 2977 1506 3032; x_wconf 90' lang='lat' dir='ltr'><strong>te,</strong></span> <span class='ocrx_word' id='word_1_600' title='bbox 1521 2966 1744 3036; x_wconf 90' lang='lat' dir='ltr'><strong>quemadmodum</strong></span> <span class='ocrx_word' id='word_1_601' title='bbox 1767 2966 1801 3021; x_wconf 92' lang='lat' dir='ltr'><strong>de</strong></span> <span class='ocrx_word' id='word_1_602' title='bbox 1823 2966 1904 3021; x_wconf 86' lang='lat' dir='ltr'><strong>fratre</strong></span> <span class='ocrx_word' id='word_1_603' title='bbox 1918 2966 2041 3023; x_wconf 88' lang='lat' dir='ltr'><strong>&#39;lorban-</strong></span> 
     </span>
     <span class='ocr_line' id='line_1_92' title="bbox 1254 3055 1699 3130; baseline 0 -18"><span class='ocrx_word' id='word_1_604' title='bbox 1254 3059 1290 3113; x_wconf 91' lang='lat' dir='ltr'><strong>tiu</strong></span> <span class='ocrx_word' id='word_1_605' title='bbox 1302 3055 1351 3130; x_wconf 89' lang='lat' dir='ltr'><strong>(o),</strong></span> <span class='ocrx_word' id='word_1_606' title='bbox 1368 3073 1417 3113; x_wconf 92' lang='lat' dir='ltr'><strong>nos</strong></span> <span class='ocrx_word' id='word_1_607' title='bbox 1430 3057 1555 3114; x_wconf 83' lang='lat' dir='ltr'><strong>exundire</strong></span> <span class='ocrx_word' id='word_1_608' title='bbox 1567 3058 1699 3129; x_wconf 90' lang='lat' dir='ltr'><strong>dignetur.</strong></span> 
     </span>
    </p>

    <p class='ocr_par' dir='ltr' id='par_1_20' title="bbox 1254 3149 2042 3761">
     <span class='ocr_line' id='line_1_93' title="bbox 1289 3149 2042 3220; baseline 0.001 -15"><span class='ocrx_word' id='word_1_609' title='bbox 1289 3149 1346 3205; x_wconf 86' lang='lat' dir='ltr'><strong>tttt.</strong></span> <span class='ocrx_word' id='word_1_610' title='bbox 1361 3150 1422 3205; x_wconf 79' lang='lat' dir='ltr'><strong>luo.</strong></span> <span class='ocrx_word' id='word_1_611' title='bbox 1443 3150 1498 3204; x_wconf 92' lang='lat' dir='ltr'><strong>llac</strong></span> <span class='ocrx_word' id='word_1_612' title='bbox 1518 3151 1597 3220; x_wconf 91' lang='lat' dir='ltr'><strong>igitur</strong></span> <span class='ocrx_word' id='word_1_613' title='bbox 1611 3151 1672 3206; x_wconf 81' lang='lat' dir='ltr'><strong>fidei</strong></span> <span class='ocrx_word' id='word_1_614' title='bbox 1694 3151 1876 3207; x_wconf 87' lang='lat' dir='ltr'><strong>consolatione</strong></span> <span class='ocrx_word' id='word_1_615' title='bbox 1895 3149 2042 3220; x_wconf 85' lang='lat' dir='ltr'><strong>gaudentes</strong></span> 
     </span>
     <span class='ocr_line' id='line_1_94' title="bbox 1254 3239 2041 3312; baseline -0.004 -17"><span class='ocrx_word' id='word_1_616' title='bbox 1254 3239 1441 3296; x_wconf 86' lang='lat' dir='ltr'><strong>immineamus</strong></span> <span class='ocrx_word' id='word_1_617' title='bbox 1455 3249 1542 3309; x_wconf 86' lang='lat' dir='ltr'><strong>coepto</strong></span> <span class='ocrx_word' id='word_1_618' title='bbox 1555 3240 1640 3309; x_wconf 90' lang='lat' dir='ltr'><strong>operi,</strong></span> <span class='ocrx_word' id='word_1_619' title='bbox 1653 3249 1681 3295; x_wconf 90' lang='lat' dir='ltr'><strong>et</strong></span> <span class='ocrx_word' id='word_1_620' title='bbox 1693 3240 1898 3312; x_wconf 88' lang='lat' dir='ltr'><strong>disputationum</strong></span> <span class='ocrx_word' id='word_1_621' title='bbox 1912 3240 2041 3310; x_wconf 86' lang='lat' dir='ltr'><strong>promissa</strong></span> 
     </span>
     <span class='ocr_line' id='line_1_95' title="bbox 1254 3329 2039 3399; baseline -0.008 -12"><span class='ocrx_word' id='word_1_622' title='bbox 1254 3330 1422 3387; x_wconf 84' lang='lat' dir='ltr'><strong>reddamus:</strong></span> <span class='ocrx_word' id='word_1_623' title='bbox 1445 3345 1498 3384; x_wconf 90' lang='lat' dir='ltr'><strong>uon</strong></span> <span class='ocrx_word' id='word_1_624' title='bbox 1523 3330 1688 3399; x_wconf 85' lang='lat' dir='ltr'><strong>ambigentes</strong></span> <span class='ocrx_word' id='word_1_625' title='bbox 1713 3329 1763 3384; x_wconf 89' lang='lat' dir='ltr'><strong>lroc</strong></span> <span class='ocrx_word' id='word_1_626' title='bbox 1784 3330 1872 3398; x_wconf 88' lang='lat' dir='ltr'><strong>ipsum</strong></span> <span class='ocrx_word' id='word_1_627' title='bbox 1896 3331 2039 3383; x_wconf 82' lang='lat' dir='ltr'><strong>tuauimanr</strong></span> 
     </span>
     <span class='ocr_line' id='line_1_96' title="bbox 1254 3418 2041 3490; baseline -0.004 -14"><span class='ocrx_word' id='word_1_628' title='bbox 1254 3436 1314 3476; x_wconf 89' lang='lat' dir='ltr'><strong>esse</strong></span> <span class='ocrx_word' id='word_1_629' title='bbox 1328 3421 1428 3490; x_wconf 81' lang='lat' dir='ltr'><strong>praemii</strong></span> <span class='ocrx_word' id='word_1_630' title='bbox 1439 3431 1555 3490; x_wconf 90' lang='lat' dir='ltr'><strong>partem,</strong></span> <span class='ocrx_word' id='word_1_631' title='bbox 1571 3421 1632 3490; x_wconf 91' lang='lat' dir='ltr'><strong>quia</strong></span> <span class='ocrx_word' id='word_1_632' title='bbox 1651 3421 1677 3473; x_wconf 92' lang='lat' dir='ltr'><strong>in</strong></span> <span class='ocrx_word' id='word_1_633' title='bbox 1690 3419 1747 3488; x_wconf 85' lang='lat' dir='ltr'><strong>ejus</strong></span> <span class='ocrx_word' id='word_1_634' title='bbox 1757 3418 1888 3488; x_wconf 89' lang='lat' dir='ltr'><strong>dogmatis</strong></span> <span class='ocrx_word' id='word_1_635' title='bbox 1902 3434 1963 3474; x_wconf 86' lang='lat' dir='ltr'><strong>arec</strong></span> <span class='ocrx_word' id='word_1_636' title='bbox 1976 3434 2041 3474; x_wconf 86' lang='lat' dir='ltr'><strong>con·</strong></span> 
     </span>
     <span class='ocr_line' id='line_1_97' title="bbox 1255 3507 2042 3580; baseline -0.008 -15"><span class='ocrx_word' id='word_1_637' title='bbox 1255 3510 1381 3576; x_wconf 90' lang='lat' dir='ltr'><strong>stitimus,</strong></span> <span class='ocrx_word' id='word_1_638' title='bbox 1396 3508 1466 3580; x_wconf 95' lang='lat' dir='ltr'><strong>quod</strong></span> <span class='ocrx_word' id='word_1_639' title='bbox 1480 3523 1540 3563; x_wconf 92' lang='lat' dir='ltr'><strong>cum</strong></span> <span class='ocrx_word' id='word_1_640' title='bbox 1553 3518 1606 3562; x_wconf 93' lang='lat' dir='ltr'><strong>tam</strong></span> <span class='ocrx_word' id='word_1_641' title='bbox 1620 3508 1763 3562; x_wconf 90' lang='lat' dir='ltr'><strong>multorum</strong></span> <span class='ocrx_word' id='word_1_642' title='bbox 1776 3507 1852 3572; x_wconf 82' lang='lat' dir='ltr'><strong>livor,</strong></span> <span class='ocrx_word' id='word_1_643' title='bbox 1867 3507 1914 3561; x_wconf 83' lang='lat' dir='ltr'><strong>red</strong></span> <span class='ocrx_word' id='word_1_644' title='bbox 1929 3508 2042 3577; x_wconf 86' lang='lat' dir='ltr'><strong>plurium</strong></span> 
     </span>
     <span class='ocr_line' id='line_1_98' title="bbox 1255 3598 2042 3672; baseline -0.01 -13"><span class='ocrx_word' id='word_1_645' title='bbox 1255 3618 1331 3659; x_wconf 89' lang='lat' dir='ltr'><strong>error</strong></span> <span class='ocrx_word' id='word_1_646' title='bbox 1342 3609 1491 3672; x_wconf 84' lang='lat' dir='ltr'><strong>oppugnet3</strong></span> <span class='ocrx_word' id='word_1_647' title='bbox 1508 3610 1595 3655; x_wconf 91' lang='lat' dir='ltr'><strong>tamen</strong></span> <span class='ocrx_word' id='word_1_648' title='bbox 1609 3600 1645 3654; x_wconf 90' lang='lat' dir='ltr'><strong>ita</strong></span> <span class='ocrx_word' id='word_1_649' title='bbox 1659 3613 1737 3668; x_wconf 88' lang='lat' dir='ltr'><strong>supra</strong></span> <span class='ocrx_word' id='word_1_650' title='bbox 1750 3613 1828 3654; x_wconf 91' lang='lat' dir='ltr'><strong>casus</strong></span> <span class='ocrx_word' id='word_1_651' title='bbox 1840 3599 1924 3652; x_wconf 77' lang='lat' dir='ltr'><strong>erasit</strong></span> <span class='ocrx_word' id='word_1_652' title='bbox 1940 3598 2042 3667; x_wconf 90' lang='lat' dir='ltr'><strong>ancipi-</strong></span> 
     </span>
     <span class='ocr_line' id='line_1_99' title="bbox 1256 3690 1924 3761; baseline -0.009 -12"><span class='ocrx_word' id='word_1_653' title='bbox 1256 3703 1306 3761; x_wconf 89' lang='lat' dir='ltr'><strong>tes,</strong></span> <span class='ocrx_word' id='word_1_654' title='bbox 1322 3702 1351 3748; x_wconf 92' lang='lat' dir='ltr'><strong>ut</strong></span> <span class='ocrx_word' id='word_1_655' title='bbox 1363 3691 1522 3748; x_wconf 88' lang='lat' dir='ltr'><strong>invincibilis</strong></span> <span class='ocrx_word' id='word_1_656' title='bbox 1531 3691 1602 3745; x_wconf 90' lang='lat' dir='ltr'><strong>cluat</strong></span> <span class='ocrx_word' id='word_1_657' title='bbox 1616 3691 1783 3760; x_wconf 85' lang='lat' dir='ltr'><strong>possessione</strong></span> <span class='ocrx_word' id='word_1_658' title='bbox 1796 3690 1924 3744; x_wconf 77' lang='lat' dir='ltr'><strong>victorin.</strong></span> 
     </span>
    </p>

    <p class='ocr_par' dir='ltr' id='par_1_21' title="bbox 1255 3782 2045 4579">
     <span class='ocr_line' id='line_1_100' title="bbox 1291 3782 2042 3854; baseline -0.003 -16"><span class='ocrx_word' id='word_1_659' title='bbox 1291 3785 1358 3840; x_wconf 76' lang='lat' dir='ltr'><strong>buc.</strong></span> <span class='ocrx_word' id='word_1_660' title='bbox 1374 3785 1433 3854; x_wconf 91' lang='lat' dir='ltr'><strong>lpse</strong></span> <span class='ocrx_word' id='word_1_661' title='bbox 1447 3783 1492 3838; x_wconf 89' lang='lat' dir='ltr'><strong>tibi</strong></span> <span class='ocrx_word' id='word_1_662' title='bbox 1505 3783 1552 3838; x_wconf 94' lang='lat' dir='ltr'><strong>das</strong></span> <span class='ocrx_word' id='word_1_663' title='bbox 1563 3782 1676 3853; x_wconf 90' lang='lat' dir='ltr'><strong>palmam</strong></span> <span class='ocrx_word' id='word_1_664' title='bbox 1687 3793 1778 3837; x_wconf 88' lang='lat' dir='ltr'><strong>contra</strong></span> <span class='ocrx_word' id='word_1_665' title='bbox 1792 3789 1830 3838; x_wconf 90' lang='lat' dir='ltr'><strong>tot</strong></span> <span class='ocrx_word' id='word_1_666' title='bbox 1839 3783 1971 3837; x_wconf 89' lang='lat' dir='ltr'><strong>antistites</strong></span> <span class='ocrx_word' id='word_1_667' title='bbox 1986 3783 2042 3845; x_wconf 78' lang='lat' dir='ltr'><strong>liei,</strong></span> 
     </span>
     <span class='ocr_line' id='line_1_101' title="bbox 1255 3871 2043 3945; baseline -0.006 -16"><span class='ocrx_word' id='word_1_668' title='bbox 1255 3876 1374 3944; x_wconf 89' lang='lat' dir='ltr'><strong>quiante</strong></span> <span class='ocrx_word' id='word_1_669' title='bbox 1396 3889 1461 3939; x_wconf 92' lang='lat' dir='ltr'><strong>nos,</strong></span> <span class='ocrx_word' id='word_1_670' title='bbox 1485 3890 1516 3928; x_wconf 92' lang='lat' dir='ltr'><strong>ea</strong></span> <span class='ocrx_word' id='word_1_671' title='bbox 1533 3889 1593 3943; x_wconf 76' lang='lat' dir='ltr'><strong>quaa</strong></span> <span class='ocrx_word' id='word_1_672' title='bbox 1605 3887 1757 3945; x_wconf 83' lang='lat' dir='ltr'><strong>oppuguas,</strong></span> <span class='ocrx_word' id='word_1_673' title='bbox 1772 3873 1797 3927; x_wconf 94' lang='lat' dir='ltr'><strong>iu</strong></span> <span class='ocrx_word' id='word_1_674' title='bbox 1812 3872 1930 3927; x_wconf 80' lang='lat' dir='ltr'><strong>Ecclesia</strong></span> <span class='ocrx_word' id='word_1_675' title='bbox 1945 3871 2043 3926; x_wconf 81' lang='lat' dir='ltr'><strong>Cirristi</strong></span> 
     </span>
     <span class='ocr_line' id='line_1_102' title="bbox 1255 3963 2044 4034; baseline -0.005 -15"><span class='ocrx_word' id='word_1_676' title='bbox 1255 3966 1418 4029; x_wconf 89' lang='lat' dir='ltr'><strong>didicerunt,</strong></span> <span class='ocrx_word' id='word_1_677' title='bbox 1431 3972 1511 4034; x_wconf 87' lang='lat' dir='ltr'><strong>atquc</strong></span> <span class='ocrx_word' id='word_1_678' title='bbox 1523 3963 1686 4026; x_wconf 88' lang='lat' dir='ltr'><strong>docuerunt,</strong></span> <span class='ocrx_word' id='word_1_679' title='bbox 1701 3963 1822 4018; x_wconf 88' lang='lat' dir='ltr'><strong>bibentes</strong></span> <span class='ocrx_word' id='word_1_680' title='bbox 1844 3972 1872 4018; x_wconf 92' lang='lat' dir='ltr'><strong>ct</strong></span> <span class='ocrx_word' id='word_1_681' title='bbox 1891 3963 2044 4017; x_wconf 88' lang='lat' dir='ltr'><strong>ministran-</strong></span> 
     </span>
     <span class='ocr_line' id='line_1_103' title="bbox 1256 4053 2045 4127; baseline -0.006 -16"><span class='ocrx_word' id='word_1_682' title='bbox 1256 4067 1296 4113; x_wconf 91' lang='lat' dir='ltr'><strong>tes</strong></span> <span class='ocrx_word' id='word_1_683' title='bbox 1314 4056 1347 4112; x_wconf 92' lang='lat' dir='ltr'><strong>de</strong></span> <span class='ocrx_word' id='word_1_684' title='bbox 1367 4056 1377 4088; x_wconf 80' lang='lat'><strong><em>³</em></strong></span> <span class='ocrx_word' id='word_1_685' title='bbox 1400 4055 1517 4111; x_wconf 89' lang='lat' dir='ltr'><strong>fontibus</strong></span> <span class='ocrx_word' id='word_1_686' title='bbox 1538 4055 1618 4110; x_wconf 88' lang='lat' dir='ltr'><strong>lsrael</strong></span> <span class='ocrx_word' id='word_1_687' title='bbox 1642 4053 1726 4127; x_wconf 84' lang='lat' dir='ltr'><strong>(Psoi.</strong></span> <span class='ocrx_word' id='word_1_688' title='bbox 1742 4071 1822 4120; x_wconf 84' lang='lat' dir='ltr'><strong>rrvrr,</strong></span> <span class='ocrx_word' id='word_1_689' title='bbox 1835 4054 1892 4125; x_wconf 75' lang='lat' dir='ltr'><strong>et).</strong></span> <span class='ocrx_word' id='word_1_690' title='bbox 1908 4055 1964 4108; x_wconf 94' lang='lat' dir='ltr'><strong>lloc</strong></span> <span class='ocrx_word' id='word_1_691' title='bbox 1980 4069 2045 4123; x_wconf 88' lang='lat' dir='ltr'><strong>ergo</strong></span> 
     </span>
     <span class='ocr_line' id='line_1_104' title="bbox 1256 4145 2043 4220; baseline -0.005 -18"><span class='ocrx_word' id='word_1_692' title='bbox 1256 4149 1326 4220; x_wconf 92' lang='lat' dir='ltr'><strong>quod</strong></span> <span class='ocrx_word' id='word_1_693' title='bbox 1340 4148 1418 4210; x_wconf 83' lang='lat' dir='ltr'><strong>facis.</strong></span> <span class='ocrx_word' id='word_1_694' title='bbox 1435 4157 1544 4202; x_wconf 91' lang='lat' dir='ltr'><strong>nonest</strong></span> <span class='ocrx_word' id='word_1_695' title='bbox 1559 4148 1676 4202; x_wconf 73' lang='lat' dir='ltr'><strong>uictoriae</strong></span> <span class='ocrx_word' id='word_1_696' title='bbox 1689 4147 1858 4215; x_wconf 85' lang='lat' dir='ltr'><strong>possessione</strong></span> <span class='ocrx_word' id='word_1_697' title='bbox 1875 4147 1980 4212; x_wconf 88' lang='lat' dir='ltr'><strong>eluere,</strong></span> <span class='ocrx_word' id='word_1_698' title='bbox 1996 4145 2043 4200; x_wconf 89' lang='lat' dir='ltr'><strong>scd</strong></span> 
     </span>
     <span class='ocr_line' id='line_1_105' title="bbox 1257 4235 2043 4307; baseline -0.005 -15"><span class='ocrx_word' id='word_1_699' title='bbox 1257 4241 1282 4292; x_wconf 94' lang='lat' dir='ltr'><strong>in</strong></span> <span class='ocrx_word' id='word_1_700' title='bbox 1309 4237 1409 4292; x_wconf 73' lang='lat' dir='ltr'><strong>odrina</strong></span> <span class='ocrx_word' id='word_1_701' title='bbox 1434 4236 1591 4307; x_wconf 72' lang='lat' dir='ltr'><strong>arrogantiae</strong></span> <span class='ocrx_word' id='word_1_702' title='bbox 1623 4235 1739 4290; x_wconf 87' lang='lat' dir='ltr'><strong>cloacam</strong></span> <span class='ocrx_word' id='word_1_703' title='bbox 1771 4236 1924 4291; x_wconf 80' lang='lat' dir='ltr'><strong>deformiter</strong></span> <span class='ocrx_word' id='word_1_704' title='bbox 1950 4236 2043 4290; x_wconf 88' lang='lat' dir='ltr'><strong>fluere.</strong></span> 
     </span>
     <span class='ocr_line' id='line_1_106' title="bbox 1256 4325 2045 4397; baseline -0.008 -13"><span class='ocrx_word' id='word_1_705' title='bbox 1256 4327 1476 4397; x_wconf 81' lang='lat' dir='ltr'><strong>Cluercqnippe,</strong></span> <span class='ocrx_word' id='word_1_706' title='bbox 1499 4325 1599 4394; x_wconf 87' lang='lat' dir='ltr'><strong>pollere</strong></span> <span class='ocrx_word' id='word_1_707' title='bbox 1613 4331 1679 4378; x_wconf 85' lang='lat' dir='ltr'><strong>est:</strong></span> <span class='ocrx_word' id='word_1_708' title='bbox 1702 4325 1837 4393; x_wconf 91' lang='lat' dir='ltr'><strong>quomodo</strong></span> <span class='ocrx_word' id='word_1_709' title='bbox 1858 4334 1945 4379; x_wconf 92' lang='lat' dir='ltr'><strong>antem</strong></span> <span class='ocrx_word' id='word_1_710' title='bbox 1970 4334 2045 4394; x_wconf 89' lang='lat' dir='ltr'><strong>potes</strong></span> 
     </span>
     <span class='ocr_line' id='line_1_107' title="bbox 1257 4414 2044 4487; baseline -0.006 -13"><span class='ocrx_word' id='word_1_711' title='bbox 1257 4418 1374 4474; x_wconf 75' lang='lat' dir='ltr'><strong>ricimer</strong></span> <span class='ocrx_word' id='word_1_712' title='bbox 1394 4416 1562 4487; x_wconf 88' lang='lat' dir='ltr'><strong>possessione</strong></span> <span class='ocrx_word' id='word_1_713' title='bbox 1586 4414 1703 4483; x_wconf 90' lang='lat' dir='ltr'><strong>pollere,</strong></span> <span class='ocrx_word' id='word_1_714' title='bbox 1728 4415 1773 4484; x_wconf 90' lang='lat' dir='ltr'><strong>qui</strong></span> <span class='ocrx_word' id='word_1_715' title='bbox 1798 4417 1903 4471; x_wconf 91' lang='lat' dir='ltr'><strong>conaris</strong></span> <span class='ocrx_word' id='word_1_716' title='bbox 1915 4415 2044 4471; x_wconf 86' lang='lat' dir='ltr'><strong>catlrulica</strong></span> 
     </span>
     <span class='ocr_line' id='line_1_108' title="bbox 1258 4505 1828 4579; baseline -0.011 -14"><span class='ocrx_word' id='word_1_717' title='bbox 1258 4510 1391 4579; x_wconf 86' lang='lat' dir='ltr'><strong>dogmata,</strong></span> <span class='ocrx_word' id='word_1_718' title='bbox 1406 4507 1526 4576; x_wconf 88' lang='lat' dir='ltr'><strong>antiqua,</strong></span> <span class='ocrx_word' id='word_1_719' title='bbox 1542 4514 1568 4561; x_wconf 92' lang='lat' dir='ltr'><strong>et</strong></span> <span class='ocrx_word' id='word_1_720' title='bbox 1581 4505 1677 4560; x_wconf 75' lang='lat' dir='ltr'><strong>inuicta</strong></span> <span class='ocrx_word' id='word_1_721' title='bbox 1692 4506 1828 4576; x_wconf 76' lang='lat' dir='ltr'><strong>polluere?</strong></span> 
     </span>
    </p>

    <p class='ocr_par' dir='ltr' id='par_1_22' title="bbox 1258 4596 2047 5303">
     <span class='ocr_line' id='line_1_109' title="bbox 1294 4596 2043 4667; baseline -0.007 -13"><span class='ocrx_word' id='word_1_722' title='bbox 1294 4598 1362 4654; x_wconf 86' lang='lat' dir='ltr'><strong>lllll.</strong></span> <span class='ocrx_word' id='word_1_723' title='bbox 1378 4598 1437 4655; x_wconf 81' lang='grc' dir='ltr'>ιιι.</span> <span class='ocrx_word' id='word_1_724' title='bbox 1453 4597 1518 4652; x_wconf 80' lang='lat' dir='ltr'><strong>tlara</strong></span> <span class='ocrx_word' id='word_1_725' title='bbox 1532 4597 1569 4664; x_wconf 92' lang='lat' dir='ltr'><strong>si,</strong></span> <span class='ocrx_word' id='word_1_726' title='bbox 1586 4605 1614 4650; x_wconf 94' lang='lat' dir='ltr'><strong>ut</strong></span> <span class='ocrx_word' id='word_1_727' title='bbox 1626 4606 1654 4651; x_wconf 88' lang='lat' dir='ltr'><strong>et</strong></span> <span class='ocrx_word' id='word_1_728' title='bbox 1667 4597 1790 4667; x_wconf 89' lang='lat' dir='ltr'><strong>superior</strong></span> <span class='ocrx_word' id='word_1_729' title='bbox 1802 4611 1891 4651; x_wconf 88' lang='lat' dir='ltr'><strong>sermo</strong></span> <span class='ocrx_word' id='word_1_730' title='bbox 1903 4596 2043 4666; x_wconf 88' lang='lat' dir='ltr'><strong>patefecit,</strong></span> 
     </span>
     <span class='ocr_line' id='line_1_110' title="bbox 1258 4687 2044 4759; baseline -0.005 -13"><span class='ocrx_word' id='word_1_731' title='bbox 1258 4701 1286 4746; x_wconf 91' lang='lat' dir='ltr'><strong>et</strong></span> <span class='ocrx_word' id='word_1_732' title='bbox 1308 4700 1447 4745; x_wconf 85' lang='lat' dir='ltr'><strong>secuturus</strong></span> <span class='ocrx_word' id='word_1_733' title='bbox 1465 4689 1585 4752; x_wconf 87' lang='lat' dir='ltr'><strong>docebit,</strong></span> <span class='ocrx_word' id='word_1_734' title='bbox 1599 4687 1725 4758; x_wconf 90' lang='lat' dir='ltr'><strong>quidquid</strong></span> <span class='ocrx_word' id='word_1_735' title='bbox 1749 4689 1816 4742; x_wconf 92' lang='lat' dir='ltr'><strong>ratio</strong></span> <span class='ocrx_word' id='word_1_736' title='bbox 1840 4695 1895 4754; x_wconf 91' lang='lat' dir='ltr'><strong>est,</strong></span> <span class='ocrx_word' id='word_1_737' title='bbox 1918 4688 2044 4759; x_wconf 88' lang='lat' dir='ltr'><strong>quidquid</strong></span> 
     </span>
     <span class='ocr_line' id='line_1_111' title="bbox 1259 4779 2045 4853; baseline -0.006 -15"><span class='ocrx_word' id='word_1_738' title='bbox 1259 4784 1383 4849; x_wconf 88' lang='lat' dir='ltr'><strong>eruditio,</strong></span> <span class='ocrx_word' id='word_1_739' title='bbox 1397 4782 1523 4853; x_wconf 90' lang='lat' dir='ltr'><strong>quidquid</strong></span> <span class='ocrx_word' id='word_1_740' title='bbox 1536 4781 1647 4850; x_wconf 79' lang='lat' dir='ltr'><strong>justitia,</strong></span> <span class='ocrx_word' id='word_1_741' title='bbox 1666 4779 1793 4849; x_wconf 90' lang='lat' dir='ltr'><strong>quidquid</strong></span> <span class='ocrx_word' id='word_1_742' title='bbox 1808 4780 1906 4848; x_wconf 84' lang='lat' dir='ltr'><strong>pictas,</strong></span> <span class='ocrx_word' id='word_1_743' title='bbox 1920 4779 2045 4850; x_wconf 88' lang='lat' dir='ltr'><strong>quidquid</strong></span> 
     </span>
     <span class='ocr_line' id='line_1_112' title="bbox 1260 4868 2045 4939; baseline -0.006 -12"><span class='ocrx_word' id='word_1_744' title='bbox 1260 4873 1470 4928; x_wconf 85' lang='lat' dir='ltr'><strong>testimoniorum</strong></span> <span class='ocrx_word' id='word_1_745' title='bbox 1483 4885 1636 4935; x_wconf 90' lang='lat' dir='ltr'><strong>sacrorum,</strong></span> <span class='ocrx_word' id='word_1_746' title='bbox 1650 4869 1711 4924; x_wconf 93' lang='lat' dir='ltr'><strong>lruic</strong></span> <span class='ocrx_word' id='word_1_747' title='bbox 1725 4868 1795 4939; x_wconf 88' lang='lat' dir='ltr'><strong>qnod</strong></span> <span class='ocrx_word' id='word_1_748' title='bbox 1812 4877 1917 4923; x_wconf 91' lang='lat' dir='ltr'><strong>tuemur</strong></span> <span class='ocrx_word' id='word_1_749' title='bbox 1929 4868 2045 4938; x_wconf 85' lang='lat' dir='ltr'><strong>dogmati</strong></span> 
     </span>
     <span class='ocr_line' id='line_1_113' title="bbox 1259 4958 2045 5031; baseline -0.008 -13"><span class='ocrx_word' id='word_1_750' title='bbox 1259 4963 1436 5031; x_wconf 80' lang='lat' dir='ltr'><strong>suffragatur:</strong></span> <span class='ocrx_word' id='word_1_751' title='bbox 1451 4961 1516 5014; x_wconf 88' lang='grc' dir='ltr'>ιιιιιι</span> <span class='ocrx_word' id='word_1_752' title='bbox 1527 4958 1598 5012; x_wconf 87' lang='lat' dir='ltr'><strong>aliud</strong></span> <span class='ocrx_word' id='word_1_753' title='bbox 1613 4958 1712 5012; x_wconf 88' lang='lat' dir='ltr'><strong>inimici</strong></span> <span class='ocrx_word' id='word_1_754' title='bbox 1724 4960 1807 5013; x_wconf 88' lang='lat' dir='ltr'><strong>nostri</strong></span> <span class='ocrx_word' id='word_1_755' title='bbox 1822 4968 1878 5024; x_wconf 77' lang='lat' dir='ltr'><strong>totu</strong></span> <span class='ocrx_word' id='word_1_756' title='bbox 1893 4958 2045 5027; x_wconf 87' lang='lat' dir='ltr'><strong>adipiscun·</strong></span> 
     </span>
     <span class='ocr_line' id='line_1_114' title="bbox 1261 5049 2047 5121; baseline -0.009 -12"><span class='ocrx_word' id='word_1_757' title='bbox 1261 5061 1427 5118; x_wconf 90' lang='lat' dir='ltr'><strong>turconatu,</strong></span> <span class='ocrx_word' id='word_1_758' title='bbox 1447 5067 1525 5121; x_wconf 89' lang='lat' dir='ltr'><strong>quam</strong></span> <span class='ocrx_word' id='word_1_759' title='bbox 1543 5059 1572 5105; x_wconf 93' lang='lat' dir='ltr'><strong>ut</strong></span> <span class='ocrx_word' id='word_1_760' title='bbox 1592 5049 1677 5105; x_wconf 88' lang='lat' dir='ltr'><strong>doctis</strong></span> <span class='ocrx_word' id='word_1_761' title='bbox 1698 5050 1845 5120; x_wconf 89' lang='lat' dir='ltr'><strong>quibusque</strong></span> <span class='ocrx_word' id='word_1_762' title='bbox 1859 5051 2047 5120; x_wconf 83' lang='lat' dir='ltr'><strong>imprudentis-</strong></span> 
     </span>
     <span class='ocr_line' id='line_1_115' title="bbox 1260 5139 2046 5209; baseline -0.008 -10"><span class='ocrx_word' id='word_1_763' title='bbox 1260 5145 1319 5200; x_wconf 90' lang='lat' dir='ltr'><strong>simi</strong></span> <span class='ocrx_word' id='word_1_764' title='bbox 1332 5142 1353 5209; x_wconf 72' lang='lat'><strong>⁸,</strong></span> <span class='ocrx_word' id='word_1_765' title='bbox 1367 5143 1467 5197; x_wconf 89' lang='lat' dir='ltr'><strong>sanctis</strong></span> <span class='ocrx_word' id='word_1_766' title='bbox 1479 5140 1713 5204; x_wconf 88' lang='lat' dir='ltr'><strong>contumacissimi,</strong></span> <span class='ocrx_word' id='word_1_767' title='bbox 1729 5140 1754 5193; x_wconf 90' lang='lat' dir='ltr'><strong>iu</strong></span> <span class='ocrx_word' id='word_1_768' title='bbox 1770 5139 1852 5194; x_wconf 85' lang='lat' dir='ltr'><strong>Deum</strong></span> <span class='ocrx_word' id='word_1_769' title='bbox 1868 5139 2046 5209; x_wconf 75' lang='lat' dir='ltr'><strong>profanissimi</strong></span> 
     </span>
     <span class='ocr_line' id='line_1_116' title="bbox 1260 5234 1475 5303; baseline -0.028 -13"><span class='ocrx_word' id='word_1_770' title='bbox 1260 5234 1475 5303; x_wconf 84' lang='lat' dir='ltr'><strong>comprobentur.</strong></span> 
     </span>
    </p>

    <p class='ocr_par' dir='ltr' id='par_1_23' title="bbox 1260 5319 2048 5759">
     <span class='ocr_line' id='line_1_117' title="bbox 1296 5319 2047 5392; baseline -0.009 -12"><span class='ocrx_word' id='word_1_771' title='bbox 1296 5327 1362 5382; x_wconf 79' lang='lat' dir='ltr'><strong>dno.</strong></span> <span class='ocrx_word' id='word_1_772' title='bbox 1376 5323 1428 5379; x_wconf 88' lang='lat' dir='ltr'><strong>Sed</strong></span> <span class='ocrx_word' id='word_1_773' title='bbox 1450 5323 1513 5377; x_wconf 86' lang='lat' dir='ltr'><strong>falsa</strong></span> <span class='ocrx_word' id='word_1_774' title='bbox 1533 5320 1668 5392; x_wconf 88' lang='lat' dir='ltr'><strong>loqueris:</strong></span> <span class='ocrx_word' id='word_1_775' title='bbox 1684 5336 1744 5374; x_wconf 87' lang='lat' dir='ltr'><strong>nam</strong></span> <span class='ocrx_word' id='word_1_776' title='bbox 1764 5335 1848 5388; x_wconf 89' lang='lat' dir='ltr'><strong>neque</strong></span> <span class='ocrx_word' id='word_1_777' title='bbox 1861 5319 1944 5384; x_wconf 90' lang='lat' dir='ltr'><strong>ratio,</strong></span> <span class='ocrx_word' id='word_1_778' title='bbox 1961 5336 2047 5389; x_wconf 87' lang='lat' dir='ltr'><strong>neque</strong></span> 
     </span>
     <span class='ocr_line' id='line_1_118' title="bbox 1260 5410 2046 5483; baseline -0.009 -13"><span class='ocrx_word' id='word_1_779' title='bbox 1260 5430 1323 5470; x_wconf 89' lang='lat' dir='ltr'><strong>suna</strong></span> <span class='ocrx_word' id='word_1_780' title='bbox 1336 5413 1460 5481; x_wconf 90' lang='lat' dir='ltr'><strong>eruditio,</strong></span> <span class='ocrx_word' id='word_1_781' title='bbox 1476 5428 1562 5483; x_wconf 88' lang='lat' dir='ltr'><strong>neque</strong></span> <span class='ocrx_word' id='word_1_782' title='bbox 1571 5411 1684 5481; x_wconf 75' lang='lat' dir='ltr'><strong>justitia,</strong></span> <span class='ocrx_word' id='word_1_783' title='bbox 1701 5425 1786 5478; x_wconf 81' lang='lat' dir='ltr'><strong>ireque</strong></span> <span class='ocrx_word' id='word_1_784' title='bbox 1801 5410 1894 5478; x_wconf 91' lang='lat' dir='ltr'><strong>pietas,</strong></span> <span class='ocrx_word' id='word_1_785' title='bbox 1906 5426 1992 5480; x_wconf 92' lang='lat' dir='ltr'><strong>ucque</strong></span> <span class='ocrx_word' id='word_1_786' title='bbox 2004 5425 2046 5463; x_wconf 90' lang='lat' dir='ltr'><strong>sa·</strong></span> 
     </span>
     <span class='ocr_line' id='line_1_119' title="bbox 1261 5499 2048 5573; baseline -0.015 -10"><span class='ocrx_word' id='word_1_787' title='bbox 1261 5525 1304 5563; x_wconf 86' lang='lat' dir='ltr'><strong>cra</strong></span> <span class='ocrx_word' id='word_1_788' title='bbox 1319 5507 1466 5562; x_wconf 80' lang='lat' dir='ltr'><strong>testiaonia</strong></span> <span class='ocrx_word' id='word_1_789' title='bbox 1477 5515 1565 5559; x_wconf 83' lang='lat' dir='ltr'><strong>restro</strong></span> <span class='ocrx_word' id='word_1_790' title='bbox 1576 5501 1689 5573; x_wconf 85' lang='lat' dir='ltr'><strong>dogmati</strong></span> <span class='ocrx_word' id='word_1_791' title='bbox 1703 5500 1892 5570; x_wconf 60' lang='lat' dir='ltr'><strong>suffragantum</strong></span> <span class='ocrx_word' id='word_1_792' title='bbox 1907 5501 1970 5566; x_wconf 87' lang='lat' dir='ltr'><strong>into,</strong></span> <span class='ocrx_word' id='word_1_793' title='bbox 1991 5499 2048 5552; x_wconf 82' lang='lat' dir='ltr'><strong>buc</strong></span> 
     </span>
     <span class='ocr_line' id='line_1_120' title="bbox 1261 5590 2046 5664; baseline -0.017 -12"><span class='ocrx_word' id='word_1_794' title='bbox 1261 5599 1359 5662; x_wconf 89' lang='lat' dir='ltr'><strong>omnia,</strong></span> <span class='ocrx_word' id='word_1_795' title='bbox 1374 5597 1443 5651; x_wconf 91' lang='lat' dir='ltr'><strong>sicut</strong></span> <span class='ocrx_word' id='word_1_796' title='bbox 1455 5595 1480 5649; x_wconf 88' lang='grc' dir='ltr'><strong>ιιι</strong></span> <span class='ocrx_word' id='word_1_797' title='bbox 1491 5595 1536 5664; x_wconf 93' lang='lat' dir='ltr'><strong>qui</strong></span> <span class='ocrx_word' id='word_1_798' title='bbox 1549 5601 1621 5647; x_wconf 88' lang='lat' dir='ltr'><strong>recto</strong></span> <span class='ocrx_word' id='word_1_799' title='bbox 1631 5591 1778 5661; x_wconf 87' lang='lat' dir='ltr'><strong>intelligunt</strong></span> <span class='ocrx_word' id='word_1_800' title='bbox 1789 5590 1915 5659; x_wconf 77' lang='lat' dir='ltr'><strong>indicunt,</strong></span> <span class='ocrx_word' id='word_1_801' title='bbox 1931 5597 2046 5642; x_wconf 85' lang='lat' dir='ltr'><strong>restnmr</strong></span> 
     </span>
     <span class='ocr_line' id='line_1_121' title="bbox 1261 5675 2046 5759; baseline -0.019 -16"><span class='ocrx_word' id='word_1_802' title='bbox 1261 5688 1355 5759; x_wconf 81' lang='lat' dir='ltr'><strong>dogma</strong></span> <span class='ocrx_word' id='word_1_803' title='bbox 1371 5687 1537 5741; x_wconf 76' lang='lat' dir='ltr'><strong>subvertunt.</strong></span> <span class='ocrx_word' id='word_1_804' title='bbox 1552 5685 1630 5739; x_wconf 85' lang='lat' dir='ltr'><strong>llatio</strong></span> <span class='ocrx_word' id='word_1_805' title='bbox 1642 5683 1738 5752; x_wconf 87' lang='lat' dir='ltr'><strong>quippe</strong></span> <span class='ocrx_word' id='word_1_806' title='bbox 1748 5680 1832 5736; x_wconf 84' lang='lat' dir='ltr'><strong>ceritit</strong></span> <span class='ocrx_word' id='word_1_807' title='bbox 1845 5680 1887 5733; x_wconf 80' lang='lat' dir='ltr'><strong>rix</strong></span> <span class='ocrx_word' id='word_1_808' title='bbox 1901 5677 1934 5732; x_wconf 88' lang='lat' dir='ltr'><strong>ud</strong></span> <span class='ocrx_word' id='word_1_809' title='bbox 1949 5675 2046 5745; x_wconf 87' lang='lat' dir='ltr'><strong>aliquid</strong></span> 
     </span>
    </p>
   </div>
   <div class='ocr_carea' id='block_1_10' title="bbox 1293 5864 1802 6172">
    <p class='ocr_par' dir='ltr' id='par_1_24' title="bbox 1293 5864 1802 6049">
     <span class='ocr_line' id='line_1_122' title="bbox 1293 5864 1780 5927; baseline -0.025 -11"><span class='ocrx_word' id='word_1_810' title='bbox 1293 5868 1301 5899; x_wconf 89' lang='lat'><strong>¹</strong></span> <span class='ocrx_word' id='word_1_811' title='bbox 1319 5866 1355 5916; x_wconf 81' lang='lat' dir='ltr'><strong>Sic</strong></span> <span class='ocrx_word' id='word_1_812' title='bbox 1365 5873 1418 5914; x_wconf 81' lang='lat' dir='ltr'><strong>ttss.</strong></span> <span class='ocrx_word' id='word_1_813' title='bbox 1430 5864 1498 5921; x_wconf 78' lang='lat' dir='ltr'><strong>nint,</strong></span> <span class='ocrx_word' id='word_1_814' title='bbox 1510 5873 1629 5913; x_wconf 74' lang='lat' dir='ltr'><strong>comesset.</strong></span> <span class='ocrx_word' id='word_1_815' title='bbox 1774 5916 1780 5927; x_wconf 94' lang='lat'><strong>.</strong></span> 
     </span>
     <span class='ocr_line' id='line_1_123' title="bbox 1293 5919 1802 5983; baseline -0.018 -8"><span class='ocrx_word' id='word_1_816' title='bbox 1293 5930 1303 5958; x_wconf 90' lang='lat'><strong>¹</strong></span> <span class='ocrx_word' id='word_1_817' title='bbox 1320 5928 1355 5976; x_wconf 86' lang='lat' dir='ltr'><strong>sie</strong></span> <span class='ocrx_word' id='word_1_818' title='bbox 1366 5935 1417 5974; x_wconf 83' lang='lat' dir='ltr'><strong>tiss.</strong></span> <span class='ocrx_word' id='word_1_819' title='bbox 1431 5926 1497 5983; x_wconf 82' lang='lat' dir='ltr'><strong>roni,</strong></span> <span class='ocrx_word' id='word_1_820' title='bbox 1509 5929 1601 5972; x_wconf 81' lang='lat' dir='ltr'><strong>nostrus</strong></span> <span class='ocrx_word' id='word_1_821' title='bbox 1611 5919 1694 5972; x_wconf 76' lang='lat' dir='ltr'><strong>alcisci</strong></span> <span class='ocrx_word' id='word_1_822' title='bbox 1702 5919 1802 5970; x_wconf 69' lang='lat' dir='ltr'><strong>silcnm.</strong></span> 
     </span>
     <span class='ocr_line' id='line_1_124' title="bbox 1294 5986 1764 6049; baseline -0.011 -13"><span class='ocrx_word' id='word_1_823' title='bbox 1294 5990 1303 6020; x_wconf 83' lang='lat'><strong>³</strong></span> <span class='ocrx_word' id='word_1_824' title='bbox 1320 5989 1386 6045; x_wconf 78' lang='grc' dir='ltr'>ιιιιιι,</span> <span class='ocrx_word' id='word_1_825' title='bbox 1399 5987 1432 6034; x_wconf 86' lang='lat' dir='ltr'><strong>in.</strong></span> <span class='ocrx_word' id='word_1_826' title='bbox 1446 5993 1508 6040; x_wconf 67' lang='lat' dir='ltr'><strong>sss..</strong></span> <span class='ocrx_word' id='word_1_827' title='bbox 1521 5986 1559 6034; x_wconf 83' lang='lat' dir='ltr'><strong>de.</strong></span> <span class='ocrx_word' id='word_1_828' title='bbox 1759 6041 1764 6049; x_wconf 36' lang='grc' dir='ltr'>Ι</span> 
     </span>
    </p>

    <p class='ocr_par' dir='ltr' id='par_1_25' title="bbox 1293 6042 1776 6172">
     <span class='ocr_line' id='line_1_125' title="bbox 1293 6042 1776 6098; baseline -0.023 -1"><span class='ocrx_word' id='word_1_829' title='bbox 1293 6052 1304 6080; x_wconf 75' lang='lat'>⁸</span> <span class='ocrx_word' id='word_1_830' title='bbox 1321 6058 1372 6097; x_wconf 83' lang='lat' dir='ltr'><strong>tiss.</strong></span> <span class='ocrx_word' id='word_1_831' title='bbox 1386 6057 1438 6095; x_wconf 78' lang='lat' dir='ltr'><strong>rar.</strong></span> <span class='ocrx_word' id='word_1_832' title='bbox 1451 6055 1476 6096; x_wconf 88' lang='lat' dir='ltr'><strong>et</strong></span> <span class='ocrx_word' id='word_1_833' title='bbox 1485 6045 1555 6098; x_wconf 71' lang='lat' dir='ltr'><strong>clar..</strong></span> <span class='ocrx_word' id='word_1_834' title='bbox 1568 6044 1601 6093; x_wconf 83' lang='lat' dir='ltr'><strong>int</strong></span> <span class='ocrx_word' id='word_1_835' title='bbox 1611 6042 1776 6094; x_wconf 77' lang='lat' dir='ltr'><strong>tridentissr&#39;nn.</strong></span> 
     </span>
     <span class='ocr_line' id='line_1_126' title="bbox 1295 6106 1621 6172; baseline 0 -15"><span class='ocrx_word' id='word_1_836' title='bbox 1295 6112 1330 6172; x_wconf 86' lang='lat' dir='ltr'><strong>(u)</strong></span> <span class='ocrx_word' id='word_1_837' title='bbox 1346 6124 1427 6170; x_wconf 79' lang='lat' dir='ltr'><strong>:u;.r·a,</strong></span> <span class='ocrx_word' id='word_1_838' title='bbox 1440 6109 1479 6156; x_wconf 88' lang='lat' dir='ltr'><strong>lib.</strong></span> <span class='ocrx_word' id='word_1_839' title='bbox 1495 6106 1521 6168; x_wconf 74' lang='lat' dir='ltr'><strong>l,</strong></span> <span class='ocrx_word' id='word_1_840' title='bbox 1533 6120 1584 6170; x_wconf 70' lang='lat' dir='ltr'><strong>cap.</strong></span> <span class='ocrx_word' id='word_1_841' title='bbox 1615 6143 1621 6157; x_wconf 93' lang='lat'><em>.</em></span> 
     </span>
    </p>
   </div>
   <div class='ocr_carea' id='block_1_11' title="bbox 0 0 2473 6884">
    <p class='ocr_par' dir='ltr' id='par_1_26' title="bbox 0 0 2473 6884">
     <span class='ocr_line' id='line_1_127' title="bbox 0 0 2473 6884; baseline 0 0"><span class='ocrx_word' id='word_1_842' title='bbox 0 0 2473 6884; x_wconf 95' lang='lat' dir='ltr'><strong> </strong></span> 
     </span>
    </p>
   </div>
  </div>
 </body>
</html>
