4900 6892
400 667 474 725 aab

400 781 455 833 boli
465 793 496 834 ee
511 779 664 851 equiequtt
678 781 776 852 uupaae
791 782 979 852 protulissent,
996 781 1041 836 ilci
1067 797 1130 836 tero
1141 795 1186 837 sa·

400 871 454 923 lum
470 869 541 938 quud
556 868 630 939 tingo
644 872 791 941 peperisset
802 871 814 925 l
825 871 892 937 Quid
908 882 950 926 est
970 871 1059 936 uliud,
1080 871 1190 941 t'irgiuis

398 964 431 1015 le·
441 960 601 1015 aneatorum
613 969 639 1014 ct
650 961 850 1030 egentissimum
863 963 1005 1017 ostendere
1023 963 1110 1032 iuopia
1127 977 1189 1031 por·

397 1051 479 1105 titirus
494 1067 564 1116 sutae,
579 1063 607 1108 ct
616 1051 740 1108 earumdem
755 1068 852 1122 negare
866 1068 961 1108 eorum
990 1054 1035 1123 quii
1058 1051 1190 1123 prodeunt

395 1142 430 1195 dc
447 1144 546 1212 rutrptiis
557 1142 692 1198 ltmuluum
705 1144 873 1200 coruditorem
883 1145 1005 1201 lTetteat
1019 1145 1099 1217 igitur
1114 1144 1187 1200 verbi

396 1233 435 1287 tui
447 1235 530 1289 lector
543 1234 656 1304 diligens
668 1234 875 1305 chirographum
889 1277 897 1300 ‚
913 1235 1033 1306 sciatque
1047 1243 1093 1297 ιι,
1107 1234 1188 1291 disei-

394 1322 489 1392 pulmo
499 1323 604 1380 ddelem
619 1323 825 1379 Manichaeorum
841 1337 868 1382 et
878 1327 1052 1382 Traduciaum
1071 1327 1187 1384 nationis

398 1417 554 1485 primatem,
570 1413 634 1468 nihil
649 1414 722 1471 aliud
734 1431 814 1486 quatu
837 1417 1055 1473 commixtionem
1077 1417 1187 1489 legitimi

394 1502 537 1559 damnasse
546 1503 673 1574 conjugii.

430 1596 499 1652 Aac.
512 1595 570 1650 Non
585 1595 667 1650 babes
680 1597 842 1653 exercitatos
856 1614 952 1655 seusus
962 1599 994 1654 ad
1008 1598 1186 1670 separandum

396 1685 496 1740 luonruu
506 1702 522 1740 a
534 1686 614 1741 malo.
627 1686 660 1740 tt
675 1688 811 1743 bominum
825 1698 853 1744 et
865 1690 1027 1760 Angelorum
1041 1699 1137 1743 natura
1149 1697 1187 1745 at·

392 1791 446 1846 que
458 1777 607 1832 substantia
619 1777 661 1832 rel
675 1778 806 1833 botrorum
831 1780 872 1836 rel
897 1780 1027 1835 malorum
1042 1780 1096 1835 beo
1108 1794 1184 1835 crea·

393 1876 450 1921 tore
462 1867 583 1922 subsistit
600 1885 606 1921 :
623 1867 670 1922 sed
685 1867 748 1922 uitia
764 1879 917 1924 naturarum
930 1874 1009 1940 atque
1022 1869 1184 1924 substantia·

392 1972 538 2028 runt,qu:e
549 1957 685 2014 llarrnelraui
701 1961 911 2017 naturasdicunt
930 1976 989 2017 csse
1011 1970 1090 2031 atque
1113 1961 1176 2017 sub-

389 2051 521 2116 stautias,
536 2051 634 2106 veritas
658 2061 747 2108 autem
776 2062 871 2122 negat,
899 2054 969 2109 licus
989 2054 1076 2123 justus
1097 2063 1178 2124 atqua

389 2140 562 2210 ommipotens
577 2141 748 2198 ordinatione
758 2142 898 2212 judiciaria
915 2158 974 2199 esse
997 2143 1140 2214 permittit;
1156 2151 1183 2199 ct

389 2234 448 2302 ipsa
458 2242 521 2288 sunt
536 2232 621 2298 mala,
638 2250 697 2304 qua
711 2235 802 2290 nisiex
819 2234 897 2291 bonis
908 2244 935 2290 ιι
948 2236 1061 2291 inbonis
1081 2235 1183 2290 naturis

389 2324 482 2380 inesse
499 2342 550 2381 ιιοιι
566 2337 687 2395 possunt.
703 2327 747 2383 Sic
768 2337 832 2383 sunt
846 2336 934 2383 autem
954 2329 981 2382 in
994 2327 1091 2382 diaboli
1105 2336 1182 2398 pote·

387 2422 459 2470 state
470 2431 645 2486 quaecumque
660 2416 712 2484 illi,
728 2416 783 2472 lico
799 2417 955 2487 judicante,
976 2416 1123 2471 subduntur
1134 2456 1143 2481 ‚
1154 2424 1183 2471 ut

387 2521 401 2559 a
416 2505 464 2561 Dei
479 2514 620 2578 potestate,
637 2507 686 2561 sub
700 2516 790 2578 quaet
811 2507 868 2577 ipsc
881 2507 1003 2562 diabolus
1022 2507 1182 2562 coristitutus

387 2605 441 2664 est,
456 2598 544 2652 aliena
557 2611 616 2653 esse
631 2611 683 2651 uon
698 2596 812 2666 possint.
826 2583 892 2652 Cum
915 2597 995 2667 igitur
1014 2610 1108 2651 omues
1131 2596 1182 2650 An

385 2686 439 2758 geli
455 2697 483 2743 et
493 2703 587 2742 omncs
602 2686 725 2742 homines
743 2687 793 2741 sub
808 2687 853 2742 Dei
867 2687 921 2742 sint
935 2695 1082 2756 potestate,
1096 2685 1181 2740 inanis

385 2785 429 2833 est
445 2777 592 2848 loquacitas
604 2785 665 2842 tua,
680 2792 731 2848 qua
743 2776 809 2832 dicis
822 2778 904 2833 benm
914 2785 942 2832 et
958 2776 1092 2832 diabolum
1110 2774 1179 2831 diri·

384 2868 456 2924 sisse
468 2870 585 2935 interse,
600 2867 661 2939 quis
681 2882 774 2923 earum
788 2882 855 2936 quas
867 2868 875 2899 ¹
887 2866 984 2922 babeat
1006 2864 1055 2919 sub
1070 2865 1177 2935 propria

383 2966 526 3028 potestate.
537 2957 565 3012 la
575 2973 652 3028 ιμιιιιι
667 2972 730 3012 rcro
742 2956 825 3012 crudo
846 2965 953 3027 pectore
975 2970 1084 3012 evomas
1097 2955 1177 3019 istas,

384 3048 485 3120 quibus
498 3048 624 3119 pasceris,
634 3047 821 3117 contumelias,
845 3047 978 3117 paulisper
999 3042 1117 3101 attende.
1137 3043 1176 3099 En

383 3138 513 3196 adestille
527 3139 696 3205 Ambrosius3
708 3138 744 3195 de
757 3141 808 3194 boc
819 3138 845 3193 in
853 3137 943 3209 quod*
953 3135 1103 3203 inveheris,
1115 3134 1178 3206 quid

388 3233 463 3289 dicat
478 3232 538 3288 ride
553 3249 560 3286 ε
577 3231 738 3300 «Quomodo
756 3231 846 3298 solus,
862 3229 985 3300 eloquit,
1003 3247 1013 3280 ι
1027 3227 1111 3298 potuit
1132 3227 1176 3296 ju·

386 3333 447 3381 stat
472 3339 547 3392 esse,
571 3339 631 3380 curn
654 3324 791 3396 generatio
814 3323 901 3379 omnis
923 3330 1037 3386 erraret,
1058 3321 1109 3376 nisi
1127 3334 1176 3374 ua·

383 3426 430 3473 tus
443 3432 476 3472 cr
486 3416 587 3489 virgine
599 3415 779 3487 generationis
786 3414 908 3471 obnoxiu·
917 3410 1169 3484 priuilegiominime

384 3492 548 3564 teneretur}
566 3506 633 3581 (lit.
647 3508 678 3561 dc
689 3506 766 3579 Arca)
778 3506 790 3560 l
802 3505 869 3560 liudi
884 3504 980 3565 adbuc,
994 3503 1054 3557 amli
1063 3543 1071 3569 ,
1080 3510 1106 3557 et
1115 3515 1178 3570 pro·

381 3610 486 3656 terram
513 3601 627 3671 linguam
652 3598 748 3654 lrontis
774 3597 886 3654 elisione
916 3609 1075 3665 coutpcscc:
1091 3610 1101 3645 ι
1118 3591 1176 3647 lion

381 3693 454 3748 cuitu
468 3690 552 3747 virilis
561 3689 648 3746 cuitus
662 3689 747 3743 ualere
758 3686 895 3758 virginalis
904 3693 1008 3740 secretu
1027 3682 1174 3749 reserarit;

381 3784 432 3841 ted
457 3781 655 3838 immaculatum
678 3794 770 3835 serttcn
797 3777 942 3833 inviolabili
971 3786 1046 3830 utero
1060 3773 1175 3845 Spiritus

381 3886 493 3933 sanictos
507 3873 603 3931 inludit
619 3870 711 3929 :solus
724 3871 795 3927 enim
811 3886 858 3941 per
879 3870 968 3925 omnia
990 3884 1023 3924 er
1049 3865 1118 3922 natis
1140 3865 1175 3922 de

382 3968 484 4024 lemica
498 3976 608 4022 sanctus
623 3965 750 4021 bomiuus
760 3964 849 4027 lesus.
860 3961 906 4034 qui
930 3970 1041 4016 terrenae
1053 3959 1174 4029 contagia

381 4059 553 4130 corruptele,
569 4056 730 4114 immaculati
745 4064 834 4125 partus
850 4053 966 4109 novitate
980 4067 1033 4105 uon
1043 4050 1172 4117 senserit,

380 4160 410 4207 et
422 4151 524 4207 coelesti
535 4149 672 4219 maiestate
684 4147 832 4217 depulerit»
849 4144 916 4217 (lib.
927 4143 946 4198 2
959 4145 984 4198 ln
997 4141 1059 4197 Luc.
1074 4158 1102 4206 ιι,
1113 4141 1172 4210 23).

380 4240 478 4299 Cernis
493 4257 599 4312 nempe,
613 4239 683 4311 quod
695 4238 767 4304 dico,
783 4238 842 4307 quis
855 4235 951 4291 dixerit
961 4234 973 4288 ι
983 4234 1079 4296 cernis,
1095 4230 1173 4303 quid-

380 4332 447 4405 quid
470 4342 562 4387 corutra
588 4345 631 4387 me
655 4328 733 4397 dicis,
747 4335 840 4381 contra
856 4341 933 4397 quiem
949 4323 1045 4379 diras?
1059 4322 1087 4378 Si
1102 4320 1173 4376 cniru

380 4439 434 4494 ego
447 4423 510 4479 binc
523 4438 582 4477 sum
596 4421 741 4491 discipulus
752 4418 908 4484 llanicbaei,
932 4415 983 4472 lroe
1004 4423 1046 4470 cst
1071 4423 1098 4469 ct
1116 4414 1171 4469 illc.

381 4513 440 4570 Non
453 4525 496 4570 cst
507 4524 595 4570 autern
610 4513 661 4570 boe
676 4499 789 4580 illesum
802 4509 858 4563 bec
877 4515 938 4563 anto
961 4522 1009 4562 nas
1022 4504 1099 4560 dixit.
1114 4503 1174 4559 Non

382 4617 425 4665 cst
434 4608 486 4662 boc
500 4607 588 4677 igitur,
604 4603 724 4675 orrisqnis
736 4603 792 4656 tnnc
807 4600 888 4655 dicit:
905 4597 950 4654 sed
963 4596 1102 4651 hereticos
1115 4610 1173 4649 ma·

382 4698 496 4755 mlestus
508 4707 559 4762 est,
574 4695 695 4767 quisquis
708 4693 769 4747 hnic
779 4692 887 4763 antiquo
908 4688 1039 4744 catluolico
1056 4686 1172 4757 dogmati

382 4789 553 4846 catttradicit.

419 4877 522 4934 txttt.
541 4877 601 4933 iut-
620 4875 671 4932 Sed
683 4874 738 4945 jam
752 4886 892 4943 pergamus
904 4869 937 4924 ad
955 4879 1061 4924 caetera.
1078 4868 1114 4924 lle
1128 4883 1170 4921 mc

381 4952 472 5039 itaque
484 4968 614 5030 scribens,
629 4974 688 5037 post
704 4965 747 5019 illa
761 4978 819 5033 quta
833 4976 912 5031 supra
933 4953 1002 5013 team
1016 4959 1094 5012 verba
1117 4968 1170 5024 tua,

382 5061 442 5115 buc
460 5075 519 5130 quac
534 5065 680 5130 sequuntur
697 5053 841 5124 adjungis:
864 5070 874 5103 ι
890 5050 953 5106 Post
966 5049 1023 5103 lianc
1043 5047 1107 5102 illud
1122 5062 1172 5102 no·

382 5163 467 5207 strum
483 5150 581 5221 posuit,
595 5149 639 5203 ubi
652 5147 766 5203 diximus
779 5163 786 5201 :
806 5145 868 5199 llaec
879 5142 951 5199 enirn
964 5159 1023 5214 qua
1036 5142 1069 5196 ab
1088 5141 1174 5210 impu·

381 5242 507 5297 dentibus
521 5238 689 5310 impudenter
701 5234 835 5300 laudatur,
850 5232 970 5304 pudenda
983 5231 1173 5301 concupiscen-

383 5332 430 5398 tia,
453 5331 523 5386 nulla
543 5339 625 5400 esset,
645 5327 695 5383 uisi
717 5326 797 5380 bomo
819 5334 880 5378 ante
896 5329 1030 5393 peccasset
1053 5321 1173 5390 :nuptiae

383 5438 450 5478 vera
464 5431 565 5488 essent,
580 5418 684 5475 etiamsi
707 5431 787 5472 uento
809 5419 958 5485 peccasset;
983 5414 1057 5466 lieret
1076 5410 1173 5481 quiippe

381 5517 441 5571 sine
460 5515 512 5570 isto
533 5512 627 5569 morbo
645 5510 785 5566 seminatio
806 5508 930 5562 liliorum.
952 5503 1008 5558 lluc
1027 5519 1111 5571 usque
1129 5504 1172 5557 illc

384 5607 464 5663 rerba
477 5620 536 5660 mea
551 5602 648 5675 posuit.
662 5601 761 5656 Timuit
772 5599 843 5654 enim
857 5594 926 5667 quod
939 5594 1057 5664 adjunxi,
1071 5593 1099 5648 ln
1112 5609 1172 5648 cor-

383 5712 449 5768 pore
465 5697 526 5750 uita
547 5694 627 5756 illius,
648 5693 705 5747 siue
726 5705 778 5760 nuto
802 5702 872 5742 ιιιιιιι
895 5685 950 5740 deri
969 5698 1020 5738 non
1041 5691 1127 5753 potest
1145 5684 1192 5735 iu·

382 5802 496 5861 corporo
510 5785 602 5840 niortis
616 5783 703 5851 liujus.
715 5781 748 5836 Et
758 5779 800 5833 bie
814 5789 842 5832 ut
853 5791 939 5832 uncam
949 5775 1105 5829 sententiam
1119 5789 1170 5828 ιιοιι

384 5878 484 5942 inuret,
507 5874 555 5931 sed
578 5889 636 5929 earu
661 5872 774 5943 qtrodum
800 5868 879 5923 ruodo
899 5866 1077 5932 detruncaret,
1106 5865 1169 5919 illud

415 6032 425 6066 ¹
437 6031 507 6089 rditt,
517 6029 642 6093 ιιιιιιιιιιι.
653 6027 802 6089 tastigantur
814 6035 844 6072 ιι
859 6031 912 6072 uss,

409 6097 423 6120 ⁴
437 6093 507 6153 editt,
517 6103 595 6154 artent.
609 6090 693 6140 terius
707 6096 769 6146 uss,
782 6085 855 6151 parad.

1094 666 1194 723 ιιιιιι
1215 667 1353 749 tanaus

1966 685 2034 745 lbdd

1245 783 1367 853 Apostoli
1383 783 1561 840 testimonium
1581 786 1741 857 lortuldarit,
1761 791 1806 847 ubi
1820 792 1858 849 ait
1873 811 1881 848 ι
1896 793 1975 850 iliter
1987 814 2033 869 epa

1243 869 1328 937 lucano,
1342 873 1399 944 quia
1413 891 1453 928 rne
1464 875 1577 931 liberabit
1595 878 1626 933 de
1638 894 1743 951 corpore
1754 884 1842 938 uuerde
1852 883 1949 954 bajus!
1964 885 2033 942 Gra·

1242 963 1277 1016 lia
1293 962 1342 1017 bet
1355 981 1400 1035 per
1414 964 1501 1020 lautu
1516 966 1642 1023 Christum
1658 969 1794 1025 detruncat
1812 985 1925 1028 nostrum
1943 975 2030 1046 (Rern.

1243 1068 1287 1116 ιιι,
1299 1052 1335 1109 et
1348 1064 1371 1107 et
1385 1054 1443 1125 25).
1455 1055 1514 1112 Non
1532 1059 1603 1112 euim
1618 1068 1676 1114 erat
1688 1074 1785 1132 carpus
1802 1065 1895 1117 mortis
1909 1063 1986 1135 hujus
2004 1069 2030 1125 iu

1242 1143 1364 1211 paradiso
1385 1155 1446 1200 aute
1465 1156 1614 1215 peccatum,
1636 1152 1833 1222 propterquod
1853 1153 1979 1222 diximus,
2003 1159 2029 1217 lu

1240 1246 1352 1302 corpore
1367 1233 1427 1288 rite
1442 1235 1523 1304 iltius,
1536 1253 1595 1306 quac
1615 1237 1650 1293 ibi
1663 1248 1731 1307 erat,
1745 1242 1804 1297 sinc
1817 1243 1868 1298 isto
1881 1246 1974 1300 morbo
1987 1264 2032 1304 sc·

1239 1323 1410 1379 mirationem
1426 1325 1483 1381 lteri
1499 1328 1614 1397 potuisse
1634 1329 1759 1397 liliorum,
1783 1337 1840 1388 sine
1858 1351 1910 1404 quo
1925 1336 1951 1389 iu
1971 1353 2032 1392 cor·

1239 1427 1304 1483 pore
1317 1416 1409 1470 ntortis
1420 1417 1498 1486 liujus
1510 1418 1565 1474 tieri
1575 1434 1627 1474 uon
1638 1431 1740 1486 potesta
1755 1421 1807 1494 (lle
1817 1423 1921 1494 Nuptiis
1931 1438 1954 1480 et
1966 1429 2029 1484 ιἰιι-

1238 1504 1400 1573 cupiscerrtia,
1424 1506 1468 1560 til.
1489 1506 1517 1576 2,
1531 1525 1557 1562 a.
1574 1508 1614 1580 6).
1630 1509 1717 1566 Τιιιιι
1742 1513 1890 1584 tequidem
1914 1531 2028 1575 cousue-

1238 1592 1358 1649 tudinem
1381 1602 1464 1663 tnatu,
1487 1597 1609 1668 equidem
1634 1599 1660 1654 in
1684 1599 1734 1655 boc
1759 1602 1925 1672 potissimum
1948 1622 2029 1676 opere

1238 1695 1443 1754 cousequenter,
1460 1697 1488 1740 ut
1500 1690 1544 1759 qui
1558 1698 1650 1744 contra
1666 1691 1803 1747 veritatem
1819 1693 1885 1763 agis,
1901 1694 1966 1751 uiliil
1980 1713 2027 1753 re·
2100 1734 2106 1749 .

1238 1787 1296 1828 rum
1311 1775 1446 1846 loquaris:
1459 1777 1508 1833 sed
1519 1778 1666 1833 numerosis
1678 1781 1834 1836 eruditionis
1847 1791 1898 1839 tue
1913 1786 2029 1854 peccatis

1236 1865 1432 1933 arrreptiomrm
1456 1867 1597 1922 multitudo
1617 1869 1663 1923 eir
1690 1869 1796 1926 solllcit.
1822 1871 1884 1927 ldeo
1906 1873 1948 1928 bic
1969 1875 2026 1945 jara

1237 1955 1352 2010 breviter
1365 1959 1509 2024 animabo,
1526 1971 1551 2014 te
1566 1959 1679 2018 lallere:
1701 1977 1745 2018 me
1764 1973 1867 2030 autem,
1880 1966 1923 2018 rel
1938 1974 1999 2036 post
2016 1968 2025 2000 ¹

1235 2045 1367 2116 hocopus
1388 2048 1529 2120 intelliges,
1546 2051 1705 2108 insolentem
1724 2068 1784 2108 csse
1804 2055 1945 2109 utendacii.
1966 2055 2025 2113 libi

1235 2151 1298 2206 ergo
1319 2137 1398 2207 liujus
1413 2139 1468 2194 titii
1484 2140 1587 2195 vindica
1609 2150 1691 2196 totam
1713 2145 1922 2214 possessionem,
1944 2155 1973 2201 nt
1990 2146 2031 2213 ab¹

1235 2227 1388 2299 Evangelio,
1403 2245 1453 2286 uec
1471 2245 1536 2287 sanc
1551 2232 1679 2302 injuria¹,
1694 2235 1787 2289 audire
1802 2237 1899 2304 possis,
1914 2237 1975 2306 quia
1987 2237 2023 2294 ab

1234 2315 1309 2371 initia
1322 2319 1436 2374 mendax
1447 2336 1487 2387 cs,
1503 2322 1570 2376 sicut
1585 2330 1617 2375 et
1630 2332 1705 2391 pater
1717 2332 1777 2378 tuus
1791 2322 1879 2395 (lona.
1894 2340 1948 2387 rut.
1964 2321 2022 2397 dl),

1233 2407 1276 2462 vel
1289 2408 1332 2462 ille
1345 2408 1379 2463 ad
1389 2409 1464 2480 cujus
1478 2420 1502 2465 te
1514 2410 1582 2466 dicis
1593 2411 1729 2467 dominum
1740 2413 1900 2484 pertinuisse
1912 2431 2026 2477 nascen-¹

1234 2504 1298 2563 tem,
1313 2499 1355 2552 rel
1374 2498 1442 2554 alter
1459 2499 1643 2568 secundarius,
1658 2503 1703 2572 qui
1724 2514 1750 2557 tc
1771 2505 1946 2574 elegantibus,
1963 2521 2022 2575 ιιι

1234 2597 1321 2641 tamen
1344 2588 1413 2644 iuter
1434 2588 1562 2646 honestos
1581 2592 1711 2647 nominari
1732 2609 1783 2648 nnn
1805 2606 1913 2665 puteant,
1929 2596 2024 2654 innituit

1232 2681 1416 2734 sacramentis.
1436 2681 1530 2737 'lotum
1554 2697 1617 2754 ergo
1637 2683 1687 2740 lroc
1704 2685 1802 2756 protuli
1822 2685 1847 2739 iu
1863 2702 1944 2757 opere
1961 2703 2022 2746 mec
2069 2675 2076 2688 ’

1231 2770 1330 2839 priore,
1353 2771 1422 2841 qrrod
1439 2782 1466 2825 ιιι
1481 2774 1690 2851 praetenuissum
1709 2789 1770 2830 csse
1784 2778 1913 2847 conliugis
1927 2795 1934 2832 ε
1949 2775 2022 2849 quot

1230 2869 1327 2931 qrrauta
1340 2861 1375 2914 sit
1386 2861 1573 2931 disputationis
1583 2864 1697 2918 ueritate
1709 2878 1741 2919 ac
1754 2865 1812 2920 luce
1822 2867 1983 2931 contrieram,
1996 2866 2021 2924 ai

1231 2966 1312 3022 prope
1324 2953 1428 3007 ultiutas
1440 2953 1514 3022 primi
1528 2953 1668 3009 uoluminis
1679 2955 1730 3012 mei
1741 2965 1832 3026 partes
1843 2956 1924 3028 legas,
1938 2959 2020 3015 etiam

1229 3041 1286 3112 ipsc
1301 3043 1401 3112 poteris
1413 3044 1545 3099 conliteri.
1567 3043 1627 3099 Nan
1641 3058 1706 3116 ergo
1723 3055 1767 3100 tua
1782 3046 1935 3102 detruncata
1957 3063 2019 3104 sen·

1230 3134 1320 3201 tentia,
1336 3134 1383 3191 sed
1397 3134 1500 3206 integra
1515 3136 1613 3192 talenti
1628 3144 1669 3192 est
1683 3138 1856 3207 responsione
1870 3137 2017 3195 destructa.

1226 3225 1303 3283 liuuc
1316 3238 1404 3285 autem
1423 3229 1482 3284 audi
1498 3229 1634 3285 breuiter:
1652 3229 1794 3300 Apostolus
1809 3229 1861 3286 ltuc
1879 3229 1949 3302 quod
1963 3231 2017 3296 ait,

1229 3317 1308 3373 lliser
1327 3336 1372 3391 epo
1394 3319 1549 3391 hamusque
1569 3336 1609 3373 me
1625 3318 1738 3374 liberabit
1757 3320 1788 3373 de
1806 3335 1911 3390 corpore
1931 3320 2019 3375 martie

1228 3409 1324 3481 brejas?
1337 3408 1426 3464 Gratia
1446 3409 1493 3464 bet
1506 3426 1551 3482 per
1570 3409 1658 3465 lerum
1678 3407 1805 3467 Christum
1820 3408 1956 3464 Darttiamn
1970 3426 2017 3465 aa·

1226 3510 1306 3554 rtrum
1320 3517 1330 3556 .·
1345 3517 1398 3557 uon
1415 3501 1447 3556 ad
1466 3502 1655 3557 mortalitatem
1677 3503 1760 3557 nostri
1775 3503 1894 3572 corporis
1915 3501 2015 3569 retulit,

1228 3605 1306 3663 quam
1326 3604 1389 3645 caro
1407 3591 1559 3646 animalium
1574 3589 1609 3647 de
1628 3601 1728 3647 natura
1746 3591 1911 3647 institutione
1925 3607 2016 3649 susce·

1227 3681 1276 3752 pit,
1289 3680 1336 3736 sed
1356 3680 1389 3737 ad
1402 3681 1623 3738 consuetudinem
1639 3680 1826 3753 delinquendi}
1841 3701 1855 3736 a
1870 3698 1923 3754 quc
1941 3691 2016 3739 reatu

1227 3782 1288 3845 post
1310 3774 1520 3830 incarnationem
1540 3773 1649 3839 Christi,
1673 3789 1721 3845 per
1745 3775 1944 3830 Testamentum
1957 3773 2013 3830 lic·

1226 3882 1299 3933 rum,
1317 3865 1437 3938 quisquis
1455 3865 1489 3920 ad
1508 3865 1613 3921 uirtutis
1631 3866 1717 3922 studia
1737 3867 1899 3939 migraverit,
1920 3867 2015 3923 libera·

1226 3966 1278 4012 tur.
1296 3957 1333 4014 lbi
1351 3972 1415 4029 crgo
1428 3957 1478 4013 sub
1492 3972 1606 4028 persona
1621 3956 1774 4013 ludaeorum
1790 3958 1911 4028 loquens,
1925 3958 2016 4024 illece·

1225 4050 1334 4104 brarum
1344 4049 1489 4120 cupiditate
1501 4050 1582 4104 ctiam
1596 4058 1655 4121 post
1670 4048 1838 4106 interdictum
1854 4064 1936 4104 sacre
1949 4048 2016 4121 legis

1225 4139 1381 4204 errantium,
1396 4137 1513 4193 ostendit
1527 4139 1633 4194 unicum
1654 4153 1713 4194 esse
1734 4139 1760 4193 in
1780 4140 1824 4195 illu
1849 4149 2008 4210 tempestate

1225 4226 1384 4295 subsidium,
1397 4228 1419 4281 si
1439 4227 1581 4282 crederent
1604 4226 1724 4292 Cluisto;
1749 4228 1794 4300 qui
1817 4229 1856 4284 sie
1877 4229 2011 4286 indicebat

1224 4319 1362 4376 cautiones
1373 4318 1407 4374 dc
1418 4318 1522 4385 laturis,
1538 4328 1567 4373 ut
1581 4320 1684 4374 reuiam
1699 4319 1864 4375 condonaret
1877 4321 1991 4390 peractis
2002 4337 2011 4388 ς

1225 4428 1275 4466 nec
1294 4410 1433 4466 insistebat
1452 4411 1505 4465 reis
1528 4410 1723 4464 intentatione⁸
1738 4411 1870 4481 supplicii,
1890 4411 1936 4468 sed
1948 4427 2012 4467 cur·

1224 4513 1315 4558 rentes
1329 4502 1515 4557 liberalissimo
1528 4501 1630 4572 gremio
1649 4500 1826 4571 coniurabat;
1846 4517 1898 4556 non
1914 4503 2008 4556 erani-

1224 4610 1300 4649 mans·
1313 4603 1414 4647 terrore
1425 4591 1576 4661 depressas,
1589 4590 1635 4647 scd
1649 4606 1775 4661 reparans
1787 4592 1948 4662 benignimte
1958 4608 2015 4647 cer·

1224 4694 1312 4739 rectos
1327 4699 1334 4737 ι
1348 4698 1427 4752 quam
1447 4682 1636 4752 benignitatem
1662 4683 1718 4750 ipse
1742 4682 1797 4751 jam
1822 4690 1951 4746 senserat,
1965 4682 2011 4753 qui

1224 4774 1340 4836 dicebat,
1353 4772 1488 4826 lluntauua
1509 4789 1601 4835 ιιιιιιο,
1615 4775 1735 4842 quonium
1749 4771 1864 4827 Christus
1876 4772 1952 4827 lesus
1971 4789 2013 4828 tc·

1224 4867 1297 4919 uitia
1311 4865 1377 4918 liurtc
1389 4865 1510 4917 arrundum
1524 4874 1664 4932 peccatores
1682 4863 1765 4917 aalma
1784 4869 1883 4933 fucere,
1904 4881 2012 4935 quorum

1224 4959 1320 5029 primus
1334 4973 1390 5011 ιιιιιι
1413 4973 1458 5025 epo
1475 4956 1538 5008 :scd
1560 4956 1617 5009 idea
1642 4956 1839 5010 aurisericordiant
1864 4968 2012 5012 corrserutar

1224 5067 1290 5115 aaut,
1305 5059 1331 5102 ut
1346 5050 1372 5102 in
1386 5065 1424 5100 nto
1438 5048 1576 5100 ostenderet
1590 5046 1786 5102 Christum-lesus
1799 5066 1896 5104 onmem
1911 5051 2010 5119 puticu-

1224 5142 1304 5203 tinut,
1326 5139 1360 5192 ud
1373 5137 1513 5207 exemplum
1536 5154 1632 5202 eorum,
1648 5139 1690 5208 qtri
1712 5138 1831 5191 credituri
1854 5149 1911 5193 aurit
1926 5138 1964 5191 illi
1984 5140 2011 5192 iu

1224 5231 1299 5283 eitum
1312 5239 1431 5284 oetcrrrum
1447 5227 1468 5296 (l
1483 5225 1546 5280 Tine.
1560 5243 1578 5291 ι,
1594 5227 1660 5282 ilict
1673 5227 1728 5297 ld).
1745 5227 1820 5295 Qttod
1835 5236 1863 5280 ut
1878 5227 2012 5296 intellige·

1225 5336 1268 5375 res
1292 5319 1324 5374 ad
1348 5319 1429 5373 uitam
1460 5318 1565 5380 nuatum,
1593 5332 1645 5370 nou
1669 5317 1702 5371 ad
1726 5328 1846 5370 traturam
1874 5317 2012 5373 bominum

1224 5415 1375 5483 pertinere,
1393 5391 1426 5466 tre
1447 5426 1494 5480 per
1507 5409 1636 5464 adrentus
1647 5407 1743 5462 Cluisti
1759 5424 1885 5474 causam,
1901 5420 2012 5480 putares

1224 5507 1258 5561 ab
1278 5520 1310 5560 eo
1329 5505 1408 5558 ctiam
1425 5501 1550 5572 parrulos
1565 5509 1718 5570 peccatores
1740 5502 1941 5570 pronuntiatos;
1963 5502 2012 5566 ait,

1224 5596 1257 5651 ln
1273 5613 1311 5649 mc
1322 5594 1429 5648 ostendit
1442 5607 1539 5645 arturum
1553 5591 1710 5659 patientiam.
1726 5591 1855 5647 Patientia
1864 5605 1951 5646 autern
1963 5591 2009 5644 bei

1224 5688 1268 5743 illa
1292 5693 1343 5750 est,
1367 5682 1400 5736 de
1414 5697 1464 5752 qna
1479 5680 1511 5734 ad
1536 5679 1670 5734 {turrianos
1693 5680 1882 5749 loquiturzdn
1906 5681 2009 5749 ipuerm

1224 5777 1342 5848 pernitiam
1359 5775 1455 5827 barritus
1471 5771 1517 5824 Dei
1541 5774 1576 5823 ad
1600 5770 1771 5840 poerdtcntium
1791 5782 1814 5826 tc
1834 5768 1959 5826 addunt?
1973 5785 2009 5825 ιι·

1256 5952 1340 6005 ιιιιιιι,
1358 5963 1409 6011 per.
1432 5956 1494 6003 uss.
1507 5952 1565 6009 ιιιιι.

1255 6018 1265 6047 ¹
1278 6023 1329 6061 ttss.
1343 6021 1404 6060 tort.
1417 6017 1470 6058 itur.
1482 6021 1506 6057 ct
1517 6010 1590 6065 ιῑιιιι..ι
1601 6021 1644 6057 ner
1655 6006 1705 6056 siue
1713 6004 1810 6066 injuria.

1257 6077 1419 6137 ⁸tiguietitts,
1431 6070 1557 6121 rrrlrrrtt'ouc
1571 6084 1578 6119 .·
1591 6070 1716 6121 ιιιιιιιιιιιιι.
