4900 6892
404 630 475 689 tnta

403 757 551 817 pauperes,
571 755 663 797 rernm
676 738 961 795 etiamdiritesrocat
982 721 1192 803 dioens,'l'enite

381 828 388 908 ¹3.
402 836 437 889 nd
447 851 498 900 me,
510 847 596 889 onmes
604 833 648 903 psi
658 829 790 885 taboratis.
801 827 915 899 Propter
924 827 988 898 quid
1001 837 1091 883 autem
1102 835 1191 892 vocat,

383 939 387 1002 j
404 928 456 984 nisi
475 924 545 998 qnod
560 924 711 994 paulopost
724 920 810 988 dicit,
824 920 856 975 b't
868 920 999 975 inuenietis
1011 919 1123 988 reqrriem
1134 917 1194 972 nni·

402 1020 489 1075 nrnbna
495 1014 695 1087 autmaflfottlr.
705 1013 795 1082 1138,
802 1011 986 1084 29)?Qnando
994 1011 1064 1067 istud
1071 1010 1133 1078 erit,
1141 1008 1193 1065 nisi

402 1107 509 1179 qrrando
521 1106 657 1176 corruptio
669 1119 826 1176 corporum,
839 1119 899 1175 qnae
912 1117 984 1165 nuno
995 1109 1120 1172 aggravat
1130 1101 1190 1155 ani-

401 1213 469 1263 mas,
485 1213 538 1253 non
559 1195 630 1252 criti
641 1195 718 1251 Nurac
730 1208 795 1250 cero
811 1195 933 1249 laborant
946 1206 1095 1264 pauperes,
1114 1190 1190 1247 labo·

400 1297 461 1345 rant
473 1289 579 1356 dinites,
594 1287 715 1343 laborant
727 1273 939 1358 justilaborant
959 1284 1052 1355 irrigui,
1065 1283 1191 1339 laborant

400 1383 500 1454 magni,
514 1382 638 1438 laborant
650 1382 749 1453 pusilli,
765 1395 780 1436 a
795 1379 839 1436 die
849 1380 938 1435 exitus
952 1379 960 1412 ¹
974 1378 1009 1435 de
1021 1386 1117 1434 ventre
1134 1391 1192 1431 ma·

403 1473 452 1530 tris
465 1487 569 1541 ennam,
585 1488 669 1544 usqne
683 1473 709 1528 in
723 1472 795 1528 diem
808 1470 952 1541 sepulturae
963 1467 991 1524 in
1006 1477 1118 1524 matrem
1132 1482 1191 1522 om·

400 1564 484 1619 trium.
500 1565 565 1620 Tam
580 1565 678 1636 quiippe
693 1562 837 1633 malignum
861 1569 903 1616 est
925 1559 976 1615 bec
1000 1557 1139 1625 saeculnm,
1160 1566 1189 1613 ιιι

399 1655 451 1710 nisi
464 1656 563 1712 exitum
577 1655 639 1711 binc
653 1653 742 1720 inerit,
751 1652 882 1724 promissa
891 1649 997 1720 requies
1006 1648 1082 1704 nobis
1094 1648 1190 1702 adesse

397 1764 452 1805 non
469 1747 553 1819 possit
568 1765 576 1805 ς
590 1745 711 1818 quamuis
727 1759 775 1816 per
785 1742 1033 1816 praevaricationem
1044 1739 1122 1811 primi
1138 1739 1188 1795 ho·

397 1840 478 1896 minis
501 1838 577 1895 labor
600 1837 714 1908 posteris
733 1838 791 1907 ejus
815 1834 972 1901 advenerim
995 1844 1084 1890 tamen
1108 1832 1188 1888 etiam

398 1940 472 1988 reato
487 1928 711 2001 praevaricationis
724 1927 795 1983 illins
809 1942 889 1998 quem
905 1926 1035 1981 traximus
1047 1923 1104 1995 jam
1114 1917 1188 1980 soln-

397 2033 435 2091 to,
448 2033 477 2080 ιιι
491 2023 672 2080 ssdcieramen
683 2031 849 2089 exerceatur,
860 2022 937 2080 labor
947 2030 1069 2078 remanet
1080 2018 1113 2075 ad
1126 2033 1188 2076 cer·

397 2125 496 2171 manen.
520 2113 633 2184 Oportet
647 2114 718 2171 enirn
738 2129 793 2170 nos
814 2123 995 2169 certare'eum
1009 2112 1099 2180 vitiis,
1114 2119 1142 2167 et
1160 2111 1186 2168 iu

398 2209 457 2277 ipso
466 2207 613 2262 certamine
624 2207 762 2275 laborare,
777 2206 862 2262 donec
875 2205 992 2263 donetur
1005 2205 1082 2261 nobis
1093 2205 1187 2261 adrer-

394 2297 495 2354 sarinm
508 2312 561 2351 nnn
577 2297 685 2353 babere.
698 2296 867 2369 Quapropter
890 2307 919 2353 nt
943 2296 1006 2352 boni
1020 2296 1186 2367 predatores

396 2387 577 2457 perducantur
594 2386 762 2459 od'praemia,
779 2388 908 2460 supplicia
922 2395 1062 2443 vertuntur
1074 2387 1101 2442 in
1112 2400 1183 2457 prte-

394 2478 440 2534 lia.
455 2478 628 2535 Parrnlormu
647 2490 762 2552 quoqne,
782 2479 870 2535 soluto
884 2487 959 2535 reato
973 2477 1107 2549 originali,
1123 2492 1187 2548 pro·

394 2579 485 2639 pterea
499 2568 606 2624 labores
625 2578 755 2638 marcent,
771 2569 892 2639 quamvis
913 2583 946 2625 ex
973 2568 1032 2639 ipso
1044 2576 1120 2624 reatu
1134 2567 1184 2623 do·

310 2655 314 2661 ’
393 2667 505 2714 ceantur
525 2658 631 2723 exortia
656 2658 815 2730 quinetiam
834 2659 874 2713 sic
898 2658 954 2714 beo
980 2658 1078 2728 placuit
1104 2657 1184 2712 fldem

394 2749 508 2819 probare
521 2749 653 2818 majorum
666 2791 673 2816 ,
690 2764 705 2804 a
722 2748 819 2820 paribus
831 2749 857 2805 ei
870 2748 1019 2804 offeruntur
1029 2758 1057 2805 ut
1069 2763 1183 2818 regene-

394 2849 496 2895 rentur.
518 2839 610 2908 Qualis
634 2832 662 2895 et
675 2851 773 2910 quanta
786 2839 941 2896 fldcs'esset
963 2856 1053 2896 rernm
1068 2838 1186 2895 invisibi-

392 2930 468 2995 lium,
485 2929 507 2985 si
521 2929 661 2985 irrvisibilis
674 2930 855 2985 remuneratio
866 2931 994 2986 continuo
1005 2939 1181 3001 sequeretur;

391 3035 425 3076 ac
436 3036 488 3076 nou
503 3020 591 3091 potins
600 3018 681 3074 dilata
693 3020 787 3090 requie
800 3035 860 3091 quae
871 3020 1044 3091 promittitur,
1059 3027 1184 3090 ageretur

392 3110 454 3166 fidei
470 3110 606 3180 negotium
619 3126 680 3166 cnm
693 3109 788 3176 corde,
799 3125 853 3166 non
867 3125 927 3165 cum
938 3111 1040 3177 octrlis;
1051 3110 1130 3167 acsic
1142 3109 1184 3165 fn·

391 3210 481 3256 turum
491 3200 635 3266 suonlnm,
659 3198 703 3255 ubi
719 3200 785 3254 nulli
806 3200 912 3256 labores
923 3210 1012 3268 erunt,
1025 3202 1095 3271 quod
1109 3218 1178 3257 ιιυιι-

388 3291 454 3347 ιιιιιιι
467 3290 599 3357 ridemus,
611 3299 639 3346 et
650 3288 807 3347 crederetur
824 3291 965 3358 sincerius,
980 3301 1007 3347 et
1016 3291 1184 3348 desiderabi-

389 3380 638 3452 lionquaerereturi
652 3384 691 3436 Ac
703 3396 751 3452 per
765 3380 817 3436 boo
831 3381 901 3437 Deus
926 3382 1032 3437 labores
1049 3393 1181 3450 vnostros,

388 3470 418 3527 id
430 3480 471 3528 est
485 3485 578 3542 poenas
600 3478 715 3536 nostras,
733 3471 766 3526 ad
786 3471 915 3527 utilitates
938 3482 1044 3528 nostras
1066 3472 1182 3528 mirabili

390 3560 553 3631 benignitate
562 3560 704 3616 convertit.
721 3560 783 3616 llaec
797 3559 920 3617 refellere
930 3562 1041 3632 cupiens
1055 3562 1183 3618 inutiliter

385 3662 418 3707 tn
430 3654 553 3710 laboras:
568 3652 675 3709 laboras
689 3655 761 3709 enim
774 3652 903 3724 pariendo
923 3655 1026 3724 spinas,
1042 3670 1094 3710 non
1108 3654 1180 3710 evel-

389 3743 487 3811 lendo;
499 3758 548 3799 nos
558 3753 646 3800 autem
657 3743 810 3800 laboramus
823 3754 849 3800 ιιι
863 3745 954 3813 spinas
966 3754 1040 3810 tuas,
1053 3754 1181 3815 quantum

388 3834 472 3890 dorrat
484 3835 620 3900 Dominus,
633 3834 788 3890 evellamus.
812 3835 868 3890 Nisi
880 3834 948 3891 forte
963 3836 1023 3891 ideo
1038 3850 1092 3890 nnn
1105 3834 1180 3891 labo·

388 3940 450 3981 rare
462 3933 492 3980 ‚te
504 3924 604 3994 jactas,
619 3924 744 3996 quioniam
758 3933 798 3980 tot
816 3926 900 3981 libros
918 3941 1013 3996 magna
1029 3927 1128 3999 ingenii
1142 3929 1181 3982 fa·

388 4017 488 4072 cilitate
501 4016 659 4085 conscribis,
678 4031 710 4073 ae
723 4017 794 4074 sicut
807 4017 859 4073 illa·
875 4018 997 4075 barbarae
1011 4035 1043 4076 ac
1063 4022 1179 4076 rustica·

389 4125 431 4165 nae
445 4108 512 4165 fetus
522 4122 595 4174 suos,
617 4108 694 4164 itaet
715 4118 742 4163 tn
756 4109 814 4164 sine
824 4108 980 4166 dificultate
994 4111 1086 4181 spinas
1098 4113 1177 4183 paris.

388 4199 440 4256 Sed
455 4208 518 4270 poto
527 4197 598 4269 qnod
614 4206 640 4253 te
653 4199 687 4254 de
699 4199 798 4269 ingenii
811 4197 938 4256 facilitate
950 4201 1064 4256 inaniter
1073 4201 1177 4271 jactes;

388 4304 498 4360 prorsus
511 4288 618 4345 laboras
631 4307 638 4342 ε
652 4286 788 4360 quomodo
809 4289 882 4345 enim
897 4290 954 4363 agis
976 4300 1006 4346 ut
1028 4302 1085 4346 non
1101 4292 1177 4347 labo-

386 4394 441 4447 res,
456 4377 502 4450 qni
515 4378 595 4433 etiam
607 4378 714 4434 conaris
737 4379 907 4436 introducere
929 4381 956 4435 in
970 4381 1120 4450 paradisum
1136 4382 1176 4436 la·

387 4468 485 4525 bures?
500 4466 566 4524 llam
580 4468 672 4540 ntique
681 4483 726 4526 res
739 4469 790 4524 ista
801 4480 901 4540 quauta
914 4471 1103 4541 impossibilior
1111 4488 1177 4543 pro-

387 4561 475 4628 batnr,
489 4568 564 4616 tanto
579 4567 640 4616 tuus
650 4558 725 4615 labor
736 4568 764 4616 et
775 4560 900 4631 amplior,
909 4570 937 4617 et
951 4562 1056 4618 inanior
1068 4564 1174 4619 inveni·

386 4662 439 4710 lltr.

421 4742 506 4801 XXX.
520 4743 581 4801 let..
598 4741 673 4799 llaud
685 4756 751 4800 sane
774 4740 965 4814 impugnavero
976 4756 1025 4800 eos
1036 4745 1082 4815 qui
1094 4754 1175 4802 autu·

385 4841 460 4890 rnant
472 4832 569 4901 Adam,
584 4834 608 4890 si
617 4833 808 4891 dictoaudiens
817 4834 979 4900 exstitisset,
991 4834 1025 4891 ad
1037 4835 1174 4893 immorta-

385 4925 488 4981 litatem
504 4925 622 4994 potuisse
632 4941 681 4995 pro
695 4926 909 4983 remuneratione
919 4926 1069 4984 transferri.
1080 4927 1174 4986 Enoch

383 5016 483 5089 quippe
508 5024 535 5072 et
555 5015 641 5072 Ellam
663 5018 805 5074 translatos
832 5019 964 5089 legimns,
990 5036 1026 5077 ne
1050 5021 1174 5079 riderent

387 5116 514 5165 mortem.
530 5106 629 5163 Verum
642 5106 714 5163 alind
736 5118 798 5164 snut
820 5109 938 5166 instituta
963 5119 1083 5182 naturae,
1099 5114 1171 5172 aliud

386 5199 497 5268 praemia
517 5196 687 5255 obedientiae.
706 5196 764 5255 Non
779 5206 821 5256 eat
834 5201 904 5256 enim
919 5203 984 5260 tanti
997 5205 1076 5261 unius
1090 5205 1173 5262 meri·

385 5298 453 5359 tom,
468 5300 497 5347 ot
510 5291 633 5348 universa
657 5305 717 5362 nne
738 5292 895 5348 naturaliter
906 5305 969 5349 sunt
981 5295 1099 5351 instituta
1112 5312 1173 5367 per-

383 5382 483 5438 turbet.
498 5383 668 5441 Exercnisset
679 5398 709 5440 se
734 5384 814 5455 igitur
826 5385 853 5440 in
875 5386 984 5457 reliquis
997 5387 1085 5443 innata
1098 5403 1172 5446 mor·

382 5471 481 5537 talitas,
497 5471 602 5528 etiamsi
614 5474 716 5543 primns
726 5474 772 5530 ille
782 5474 809 5530 in
821 5479 999 5532 aeternitatem
1010 5477 1171 5535 adiuturni·

383 5574 438 5620 tate
452 5563 603 5634 migrasset.
626 5562 684 5618 Non
700 5566 835 5622 inficiabili
853 5567 1018 5637 conjectura,
1032 5570 1079 5626 sed
1095 5580 1170 5627 certo

382 5671 427 5712 rus
441 5664 548 5712 tenetur
561 5652 685 5724 exemplo
695 5671 702 5706 ε
714 5656 845 5727 siquidem
857 5658 950 5714 Euoclr
964 5659 1021 5727 filii,
1031 5660 1171 5717 immorta-

380 5747 455 5803 litate
464 5747 581 5818 parentls
592 5761 646 5803 non
667 5754 811 5816 potuerunt
819 5750 905 5807 asseri
917 5766 933 5806 a
946 5751 1100 5811 conditione
1113 5768 1171 5809 mo-
1224 5809 1278 5848 mm

385 5838 479 5894 riendi.
492 5838 551 5896 Nec
564 5838 630 5895 illud
642 5836 711 5895 forte
724 5846 833 5909 putetur
842 5856 996 5911 occanere,
1011 5845 1137 5914 qnoniam
1147 5847 1170 5904 sl

331 5979 342 6043 ,Α
375 5970 531 6084 stiffi?
549 5979 574 6023 tn
596 5973 676 6037 viga..
698 5968 807 6023 fobormrt
821 5971 893 6036 nnn,
910 5973 986 6039 infore
1006 5982 1030 6028 et
1049 5970 1172 6044 pusilll,o

739 625 862 684 erneis
882 623 1086 682 transnatent
1105 622 1241 681 minant
1261 625 1485 696 tentriones.
1507 629 1692 690 suedsttm

1973 641 2042 697 {³8⁰

1248 752 1302 791 non
1317 751 1481 809 peccatores,
1503 742 1568 813 justi
1592 751 1682 800 tamen
1697 759 1791 801 omnes
1803 745 1838 802 ad
1850 747 2040 806 immortalita-

1249 833 1302 882 tem
1316 827 1374 884 sine
1395 830 1542 888 intercessu
1553 835 1700 904 corporalis
1716 835 1921 906 dissipationis¹
1940 841 2038 897 evade-

1246 928 1308 974 rent
1323 921 1472 991 :siquidem
1492 924 1559 980 Abel
1582 926 1717 994 iustorum
1737 929 1849 998 primns,
1871 929 1940 997 Noe,
1954 932 2038 986 Abra·

1246 999 1320 1077 ham,
1336 1009 1420 1077 isaac,
1434 1011 1527 1080 Jacob,
1539 1021 1566 1068 ct
1576 1016 1663 1070 omnia
1679 1027 1832 1073 sanctornm
1844 1019 1970 1089 agmina,
1986 1031 2036 1076 tarn

1246 1099 1272 1154 in
1299 1117 1369 1155 nono
1390 1112 1469 1174 garam
1494 1105 1520 1160 iu
1539 1097 1635 1163 Vetere
1654 1105 1840 1175 Testamento,
1866 1119 1895 1166 et
1912 1111 2035 1168 meritam

1245 1205 1322 1246 suum
1346 1194 1499 1258 uirtutibus,
1515 1206 1542 1251 ct
1556 1207 1676 1252 naturam
1695 1208 1781 1256 morte
1792 1199 1955 1257 docueruut.
1970 1201 2034 1258 ilem

1245 1283 1272 1337 in
1293 1283 1416 1340 absoluto
1442 1275 1668 1356 positam'Clrristi
1690 1297 1795 1362 quoque
1806 1290 1978 1347 confirmarit
1991 1308 2035 1348 an·

1244 1373 1363 1428 eloritas.
1375 1374 1442 1430 Nam
1453 1378 1549 1432 cumei
1564 1377 1701 1434 Sadducaei
1715 1384 1892 1451 quaestionem
1907 1383 2032 1453 exemplo

1243 1465 1392 1533 septinuba·
1400 1467 1519 1523 mulieris
1527 1469 1687 1536 intulissent,
1703 1481 1837 1543 rogantes,
1852 1474 1877 1529 si
1891 1490 2032 1546 eorpormn

1243 1556 1368 1612 excitatio
1379 1558 1550 1627 crederetur,
1565 1577 1579 1614 a
1595 1577 1648 1632 quo
1670 1564 1765 1620 marito
1779 1576 1851 1622 esset
1864 1568 2030 1637 potissimum

1243 1643 1411 1714 uindicanda,
1427 1649 1586 1718 respondit:
1605 1650 1713 1718 Erratis,
1727 1643 2029 1726 nescientcr'Scriptarm,

1242 1738 1322 1807 neone
1333 1736 1379 1821 Dei
1391 1739 1523 1807 nirtntem,·
1535 1742 1561 1795 in
1574 1745 1754 1799 rerurrectione
1764 1747 1830 1800 eninr
1842 1746 2029 1818 nepueunben't,

1242 1841 1322 1897 nenne
1333 1843 1424 1884 annm
1437 1830 1580 1900 occipirnt3
1600 1849 1680 1904 neque
1694 1833 1760 1889 eninr
1771 1837 1911 1892 morierrtnr
1924 1830 2028 1909 (Horti.

1241 1930 1309 1982 xxrr,
1320 1916 1364 1983 29,
1378 1918 1422 1983 50,
1440 1929 1462 1974 et
1472 1918 1536 1973 bac.
1552 1937 1597 1987 xx,
1609 1921 1654 1988 35,
1665 1915 1723 1995 36).
1735 1924 1865 1981 Conscius
1880 1929 1971 1997 operis
1980 1930 2027 1996 sni,

1242 2015 1352 2093 propter
1364 2007 1426 2077 quid
1441 2009 1563 2080 conringia
1577 2010 1736 2069 instituisset
1749 2016 1894 2085 expressit,
1909 2016 2028 2074 videncet

1243 2095 1376 2151 utdamna
1398 2098 1491 2154 mortis
1507 2098 1590 2155 fetura
1605 2097 1759 2172 suppleret;
1774 2105 1864 2160 statim
1874 2116 1965 2162 antem
1975 2121 2028 2163 cea·

1241 2193 1328 2240 sutum
1342 2186 1377 2243 iri
1395 2189 1547 2244 muniflcam
1573 2180 1775 2262 fecunditatem,
1790 2211 1852 2251 cum
1866 2213 1941 2252 mors
1953 2213 2026 2253 arara

1239 2279 1393 2334 cessaverit.
1408 2278 1436 2335 Si
1451 2295 1525 2352 ergo,
1539 2280 1645 2339 Christo
1662 2292 1730 2341 teste
1739 2286 1783 2357 qni
1793 2285 1924 2354 condidit,
1934 2284 2019 2346 'fertili

1240 2374 1280 2423 tas
1294 2369 1305 2400 ⁸
1320 2367 1356 2425 ob
1375 2368 1426 2425 boc
1438 2380 1527 2428 creata
1548 2383 1589 2429 est
1601 2414 1609 2439 ,
1623 2383 1653 2429 nt
1665 2389 1725 2431 cum
1743 2374 1888 2448 fragilitate
1902 2379 2025 2452 condrge·

1238 2465 1290 2525 ret,
1306 2467 1333 2514 et
1359 2459 1415 2516 brec
1428 2462 1545 2518 conditio
1558 2465 1709 2535 nuptiarum
1722 2477 1785 2524 ante
1807 2479 1947 2539 peccatum
1959 2471 2025 2528 ordi·

1239 2555 1299 2601 nata
1313 2557 1373 2615 est;
1397 2561 1507 2622 apparet
1523 2568 1629 2627 qnoque
1643 2558 1832 2615 mortalitatem
1843 2577 1896 2617 non
1909 2561 1942 2617 ad
1956 2564 2022 2634 pre·

1238 2639 1427 2696 varicationem
1443 2647 1594 2713 spectare,
1616 2646 1664 2703 sed
1684 2648 1718 2705 ad
1737 2659 1861 2707 naturam
1895 2654 1929 2709 ad
1950 2657 2024 2727 quarn

1237 2741 1359 2801 spectare.
1372 2731 1496 2804 leguntur
1510 2746 1537 2792 et
1551 2740 1659 2809 nuptiae.
1674 2738 1721 2796 llla
1744 2759 1808 2815 ergn
1822 2745 1865 2801 lex
1890 2761 1951 2817 qnae
1965 2762 2025 2818 pro·
2069 2786 2073 2794 -

1237 2823 1353 2894 molgata
1368 2835 1420 2893 est,
1436 2828 1462 2882 id
1475 2838 1516 2884 est
1529 2871 1536 2897 ,
1554 2830 1717 2904 Quocumque
1729 2835 1771 2890 die
1782 2852 1814 2892 ex
1825 2832 1958 2895 interdicto
1971 2829 2026 2896 ede·

1236 2913 1282 2978 ric,
1299 2926 1378 2971 morte
1391 2919 1505 2974 morinis
1519 2935 1528 2974 .·
1540 2923 1652 2991 pmnalis
1677 2939 1751 2981 mors
1773 2923 1951 3000 intelligitur,
1974 2938 2025 2988 no'n

1236 3007 1395 3076 corporalis;
1410 3011 1534 3079 pcccatis,
1548 3027 1602 3068 uon
1616 3014 1762 3072 seminibus
1772 3017 1915 3075 imminens
1926 3037 1935 3087 ;
1948 3037 2026 3093 qnam

1235 3111 1290 3184 nort
1305 3096 1415 3154 incurrit
1429 3099 1480 3156 nisi
1492 3103 1688 3173 praevaricatio,
1705 3121 1758 3168 non
1772 3108 1861 3165 evadit
1872 3109 1923 3167 nisi
1934 3127 2026 3168 emen*

1236 3187 1318 3244 datio.
1334 3191 1381 3246 Die
1393 3201 1483 3248 autem
1499 3193 1600 3265 pcccati
1614 3197 1684 3268 qnod
1695 3197 1791 3255 dicitnr
1805 3192 1954 3271 inferenda,
1968 3211 2027 3261 mot

1236 3279 1380 3359 Scripturas
1392 3291 1442 3350 est,
1467 3300 1527 3355 quae
1540 3281 1694 3343 damnatum
1708 3290 1778 3345 solet
1789 3307 1886 3349 vocare
1899 3293 2025 3350 damnau-

1235 3368 1309 3425 dnm.
1323 3370 1388 3429 lude
1400 3376 1523 3445 estquod
1537 3377 1563 3431 in
1579 3369 1726 3451 Evangelio
1740 3382 1867 3440 Dominus
1883 3427 1892 3452 ,
1919 3373 2025 3457 Omnis,

1236 3462 1331 3534 inquit,
1345 3466 1388 3535 qni
1401 3481 1452 3518 non
1473 3466 1607 3522 crediderit
1632 3470 1660 3525 in
1682 3487 1731 3537 nte,
1752 3463 1809 3542 ¹ianr
1825 3474 1959 3545 ‚lardicarus
1970 3481 2026 3545 est,-

1234 3555 1293 3624 qnio
1307 3573 1357 3610 non
1370 3557 1476 3612 credidit
1489 3560 1515 3613 in
1530 3563 1631 3617 nomine
1645 3565 1768 3633 unigeniti
1783 3565 1846 3622 Filii
1864 3560 1916 3625 bet
1926 3568 1936 3644 (
1945 3569 2024 3628 font.

1234 3664 1273 3712 nr,
1288 3643 1344 3721 m).
1358 3648 1417 3705 Non
1436 3652 1506 3723 quod
1522 3652 1663 3711 inlidelitas
1675 3655 1810 3713 Christum
1827 3675 1940 3733 negans,
1964 3674 2026 3720 anto

1235 3747 1339 3810 ternpus
1353 3741 1456 3810 judicii,
1471 3745 1602 3815 supplicio
1616 3746 1708 3817 juncta
1720 3760 1792 3807 esset
1804 3764 1951 3824 perpetum
1964 3768 2023 3812 cuttu

1234 3832 1382 3901 omnesqui
1396 3832 1429 3887 ad
1446 3832 1525 3890 lldem
1540 3837 1660 3904 sentiunt,
1674 3841 1748 3910 prius
1760 3841 1859 3899 fuerint
1879 3845 2019 3905 infideletr

1233 3918 1281 3974 sed
1295 3930 1323 3974 ιιι
1339 3935 1451 3976 censura
1474 3920 1653 3996 praecipientis
1667 3941 1803 4000 appareat,
1819 3933 1945 3993 dicontur
1962 3950 2024 4009 pec·

1226 4021 1290 4088 ¹cata
1302 4011 1356 4082 jam
1370 4030 1430 4070 esse
1440 4014 1578 4087 supplicia.
1596 4019 1715 4091 benique
1731 4020 1816 4079 Adam
1832 4027 1930 4096 ipsum,
1946 4038 1971 4085 et
1982 4023 2024 4086 ille

1233 4093 1301 4158 liber
1313 4102 1357 4173 nini
1376 4103 1511 4175 Sapientia
1534 4107 1644 4179 dicitur,
1660 4120 1688 4167 et
1702 4114 1846 4171 multorum
1863 4118 1967 4189 opinio,
1982 4135 2024 4177 se·

1232 4199 1292 4245 enta
1305 4195 1492 4252 emendatione
1510 4198 1605 4253 asserit
1621 4200 1756 4272 expiatum
1770 4203 1791 4258 ⁸.

1267 4277 1335 4339 dno.
1349 4282 1441 4339 Sinon
1454 4297 1602 4360 oppugnas,
1616 4301 1644 4346 nt
1657 4289 1734 4360 dicis,
1747 4308 1796 4351 ¹eos
1809 4297 1856 4368 qni
1868 4299 2022 4358 existimant

1231 4370 1327 4438 Adam,
1341 4376 1363 4428 si
1376 4368 1446 4430 dicto
1457 4373 1568 4434 audiens
1580 4381 1736 4452 exstitisset,
1748 4385 1780 4441 ad
1788 4386 2022 4450 ‘immortafitatem

1230 4480 1280 4536 pro
1288 4461 1503 4526 remuneratione
1528 4466 1646 4541 potuisse
1662 4477 1813 4547 transferri;
1828 4479 1954 4541 discerne
1973 4485 2023 4541 irn-

1230 4557 1430 4625 mortalitatem,
1445 4560 1572 4630 majorem
1584 4564 1709 4624 sciliceta
1722 4569 1834 4627 minore.
1849 4566 1918 4630 Nam
1932 4585 1961 4633 et
1972 4578 2023 4635 ista

1229 4663 1283 4703 non
1293 4647 1408 4706 absorde
1422 4650 1609 4712 immortalitas
1621 4653 1728 4727 dicitnr,
1743 4676 1796 4732 qua
1809 4672 1899 4734 potest
1909 4659 2023 4740 gnisqm

1229 4751 1283 4793 non
1298 4739 1376 4807 mori,
1390 4739 1412 4794 si
1427 4755 1479 4796 non
1493 4740 1573 4800 faciat
1587 4746 1657 4804 unde
1670 4751 1809 4818 moriatur,
1821 4754 1945 4826 quamvis
1958 4775 2021 4831 pos·

1228 4830 1263 4886 sit
1277 4837 1305 4885 et
1319 4827 1417 4887 facere.
1441 4831 1470 4887 ιιι
1482 4832 1534 4890 bac
1549 4835 1748 4898 immortalitate
1759 4839 1809 4899 fnit
1827 4844 1914 4902 Adam
1929 4866 1936 4904 :
1951 4846 2022 4907 bane

1228 4920 1456 4979 immortalitatem
1469 4926 1565 4981 merito
1578 4930 1911 4997 praevaricationisamisit.
1924 4935 2023 4998 lineet
2040 4975 2044 4994 .-

1227 5013 1478 5072 subministrabatnr
1487 5017 1521 5074 de
1534 5019 1607 5091 ligno
1620 5022 1693 5091 ritae,
1709 5040 1725 5081 a
1737 5042 1791 5097 quo
1803 5042 1856 5085 noo
1869 5038 1913 5087 eat
1926 5031 2023 5103 probl-
2041 5012 2050 5126 ’p

1228 5105 1310 5174 bitus,
1326 5104 1433 5179 qrrando
1448 5100 1534 5181 legem
1548 5111 1665 5182 mnam,
1690 5132 1724 5173 ue
1744 5130 1877 5189 pecmret,
1893 5124 2024 5195 accepit,
2044 5146 2049 5162 ·

1226 5194 1276 5252 sed
1290 5196 1397 5268 quando
1418 5200 1487 5254 mala
1505 5200 1641 5258 voluntate
1656 5207 1775 5274 peccarit
1790 5225 1798 5263 ε
1815 5218 1877 5267 tunc
1897 5213 1970 5269 euim
1986 5213 2024 5270 de

1226 5287 1351 5357 paradiso
1361 5289 1463 5358 ejectos
1474 5297 1526 5357 est,
1541 5307 1575 5348 ne
1582 5293 1739 5351 extenderet
1748 5312 1856 5354 manum
1870 5301 1904 5356 ad
1917 5302 2023 5374 lignum

1225 5378 1298 5441 nite,
1312 5386 1339 5434 et
1363 5380 1552 5449 manducaret,
1572 5392 1600 5438 et
1617 5384 1718 5441 vireret
1738 5388 1764 5442 in
1784 5397 1926 5450 aeternum.
1942 5392 2023 5455 lirrde

1226 5469 1413 5542 intelligendus
1425 5458 1466 5528 est
1476 5472 1510 5528 dc
1522 5472 1573 5530 lanc
1583 5474 1655 5545 liguo
1669 5477 1729 5533 ritae
1750 5480 1839 5537 solere
1852 5497 1962 5541 sumere
1977 5502 2026 5542 sa·

1225 5572 1390 5618 crumentum
1400 5578 1409 5629 ;
1421 5561 1456 5619 de
1474 5566 1581 5620 caeteris
1593 5567 1760 5624 alimentum.
1775 5568 1813 5629 be
1826 5574 1884 5630 solo
1897 5577 1971 5632 enirn
1986 5578 2023 5634 li·

1258 5734 1362 5796 Ιιιιιιι,
1395 5733 1571 5799 disputationes.
1598 5741 1759 5794 mendaeem
1793 5759 1824 5797 er
1856 5756 1898 5800 tta.
1936 5760 2020 5806 torta-

1257 5860 1267 5891 ¹
1278 5859 1315 5908 sle
1332 5864 1385 5908 ttss.
1396 5866 1424 5909 Αι
1436 5859 1504 5919 editi,
1516 5860 1780 5928 sanmmroorrupce.
1796 5898 1799 5904 -

1257 5922 1268 5951 ⁸
1279 5919 1376 5981 supple,
1386 5926 1495 5990 etlumen
1506 5930 1613 5974 mortuns
1621 5931 1665 5984 est,
1674 5933 1699 5975 ιιι
1707 5927 1823 5982 werras
1833 5935 1945 5996 corporis
1955 5951 2022 5987 πια-

1223 5989 1271 6030 cern
1282 5993 1328 6030 non
1339 5987 1459 6054 pertenere
1469 5982 1502 6031 od
1511 5983 1727 6056 snpplicianntflins
1738 5993 1839 6052 peccati,
1851 5995 1895 6046 sed
1905 5998 1940 6048 od
1950 5997 2023 6053 larti-

1221 6045 1272 6091 fttttt
1287 6048 1389 6105 nature,
1399 6050 1426 6093 nt
1437 6043 1507 6106 unfra,
1521 6059 1546 6094 ιιι
1557 6050 1717 6110 respersione
1729 6054 1866 6116 augmine
