4900 6892
397 645 466 701 1119

394 772 480 816 strum
494 776 553 816 esse
567 761 686 816 omnium
698 759 872 824 obauditurum,
888 759 1015 828 propbeta
1032 769 1098 814 teste
1114 775 1189 815 roon-

395 853 551 908 stravimus.

430 945 499 1002 Aue.
520 943 576 1001 lllic
590 943 637 998 tibi
650 958 807 1013 responsum
829 951 880 1008 cst,
896 951 923 997 ct
937 951 1063 1012 natantum
1079 942 1189 996 aberra-

395 1036 495 1093 ret-isa
512 1036 625 1091 ueritate
636 1045 823 1091 ntorrstratum.

430 1127 492 1183 XX.
508 1127 569 1183 lue.
584 1126 631 1180 llis
650 1127 730 1197 igitur
748 1128 866 1182 maxime
878 1127 944 1180 actis
957 1126 984 1180 in
1000 1127 1085 1196 primo
1099 1126 1186 1191 libro,

390 1235 507 1289 quorum
528 1233 610 1273 uuum
631 1217 738 1288 aliquod
759 1218 866 1273 abunde
881 1217 980 1273 suflicit
993 1218 1026 1272 ad
1048 1218 1185 1273 uictoriam

394 1310 534 1372 scritatis3
554 1326 587 1364 ex
602 1308 747 1363 abundanti
767 1309 873 1379 paridem
886 1349 894 1375 ,
908 1318 1030 1378 superest
1044 1318 1143 1374 tamen,
1159 1316 1188 1362 ut

391 1401 510 1471 Magistri
524 1398 661 1467 Gerttium,
678 1416 728 1468 qna
741 1415 790 1471 per
803 1415 886 1454 unum
901 1401 1034 1454 bominem
1049 1409 1185 1468 peccatum

390 1491 459 1545 dixit
474 1492 587 1546 intrasse
608 1490 633 1543 in
655 1490 782 1544 ntundum
798 1490 885 1561 (Rom.
908 1507 933 1556 r,
953 1489 1009 1562 11),
1025 1492 1185 1545 sententiam

388 1583 558 1653 disputemus
573 1600 580 1635 ε
592 1591 619 1638 et
630 1581 839 1647 delinitionibus,
851 1598 916 1652 quas
926 1583 1113 1652 praernisinrus,
1125 1597 1185 1636 eunt

388 1688 502 1728 necesse
514 1672 603 1739 luerit,
615 1671 756 1743 adjurandi
767 1690 774 1738 3
790 1681 817 1728 el
825 1673 960 1742 probaturi
976 1673 1040 1727 nibil
1054 1675 1185 1727 rationem

388 1762 473 1816 scrisse
487 1763 644 1825 mentitam:
659 1764 707 1818 sed
722 1763 856 1833 iniustitias
875 1779 934 1819 esso
946 1765 1057 1828 erinna.
1072 1764 1183 1818 aliorum

387 1852 478 1906 studia
493 1853 605 1908 aliorum
618 1852 721 1908 ortibus
733 1854 883 1923 imputare;
898 1854 1002 1923 hocque
1014 1855 1099 1922 ipsum
1113 1853 1185 1923 quod

387 1943 510 2014 iniquum
525 1953 582 2009 est,
598 1947 719 2016 ‹rusurris
737 1961 816 2001 tremo
836 1946 897 2001 ltine
917 1945 1038 2001 dubitare
1052 1947 1183 2014 debuerit,

389 2045 483 2090 tamen
500 2036 556 2092 Deo
569 2035 731 2106 displicere,
747 2046 773 2091 et
786 2037 819 2091 ab
838 2036 932 2092 eodem
949 2038 1094 2108 prohiberi,
1109 2040 1184 2094 testi·

385 2127 486 2182 moniis
499 2126 575 2198 legis,
592 2128 634 2183 uel
649 2128 674 2182 in
691 2129 741 2184 bue
755 2129 842 2195 libro,
857 2130 898 2185 tel
914 2131 939 2184 in
961 2132 1081 2202 sequenti
1101 2131 1183 2189 doce·

386 2217 490 2274 bintus.
511 2219 550 2274 Ex
575 2218 671 2290 quibus
691 2223 844 2277 necessario
863 2222 1013 2289 coniicitur,
1029 2234 1055 2279 ct
1078 2240 1126 2278 nm
1141 2241 1184 2281 re·

385 2309 509 2365 ctissime
528 2308 687 2376 defendere,
702 2313 836 2366 trcttdnem
851 2328 912 2368 eum
935 2323 1043 2382 peceato
1058 2315 1141 2383 nasci,
1156 2327 1182 2370 et

384 2401 473 2456 llenm
495 2418 557 2458 reos
580 2419 632 2457 non
656 2418 734 2472 posse
754 2403 875 2472 iudicare
898 2413 1059 2459 nascentes:
1083 2421 1115 2460 ac
1136 2421 1183 2474 per

384 2490 454 2559 lane,
477 2499 531 2546 tam
556 2492 687 2560 integrum
708 2507 767 2548 csse
790 2494 902 2548 liberum
925 2495 1082 2561 arbitrium,
1102 2510 1182 2565 quam

382 2591 447 2636 ante
462 2581 612 2636 uoluntatis
625 2583 738 2653 propriae
750 2599 826 2637 usum
837 2583 972 2637 itntoaiatn
985 2584 1010 2637 in
1025 2599 1183 2655 unoquoquo

384 2680 524 2726 nutrirem.

419 2766 490 2818 Aut.
509 2763 574 2828 llic,
591 2762 729 2819 rideamus
751 2764 821 2834 quod
840 2766 848 2797 ¹
869 2765 903 2820 de
925 2765 1044 2834 Apostoli
1060 2767 1180 2821 testimo·

381 2856 430 2910 niu
449 2854 571 2910 dicturus
593 2870 642 2920 es,
663 2864 715 2910 tant
739 2854 872 2924 inaniter,
888 2873 967 2926 quarn
989 2860 1125 2927 superiora
1140 2859 1181 2914 di·

382 2946 458 2999 sisti.

422 3032 495 3090 xxt.
510 3032 569 3090 Jut.
591 3034 750 3091 llaniclteeos
765 3045 852 3091 antem
875 3047 902 3091 ct
924 3037 1014 3106 pietati
1037 3044 1064 3091 ct
1083 3037 1178 3092 rationi

380 3122 510 3191 rebelles,
525 3124 570 3195 qui
583 3134 676 3196 putent
689 3127 699 3158 ¹
715 3136 742 3180 et
755 3136 816 3180 ente
837 3137 940 3197 ternpus
961 3128 1103 3182 uolurrtatis
1119 3142 1179 3183 csse

382 3225 544 3288 peccatum,
565 3216 636 3287 quod
655 3233 743 3272 retum
766 3229 859 3274 natura
874 3237 925 3273 nean
948 3219 1029 3285 stutt;
1049 3228 1076 3274 ct
1094 3219 1177 3274 ileum

380 3322 464 3373 esse,
487 3321 566 3377 quem
590 3316 810 3378 argumentantur
831 3311 976 3379 injustum3
1001 3320 1027 3364 ct
1049 3311 1178 3377 tntarnare

378 3406 489 3451 sanctas
510 3397 638 3467 paginas,
661 3403 968 3478 quarummunumentis
989 3401 1094 3470 probari
1109 3401 1177 3454 alle·

381 3498 448 3559 gant
461 3489 563 3543 crimen
584 3489 730 3546 divinitatis
747 3504 758 3559 ¹:
779 3493 850 3562 quod
871 3507 931 3547 cum
955 3506 987 3547 ex
1010 3492 1093 3547 tribus
1111 3492 1179 3546 nibil

379 3588 464 3649 queat
477 3581 581 3638 rabone
603 3583 765 3650 monstrari,
782 3583 808 3637 id
830 3593 881 3648 est,
897 3600 947 3638 nec
961 3585 1019 3640 sine
1039 3584 1177 3639 uoluntate

380 3680 539 3738 peceatum,
555 3687 604 3726 nee
619 3671 644 3726 in
659 3673 715 3728 Deo
731 3673 867 3744 iniquitas,
884 3690 933 3729 nee
948 3676 973 3729 in
996 3675 1054 3744 lege
1068 3690 1177 3745 perrer-

378 3762 463 3828 sitas;
488 3763 537 3817 soli
563 3764 600 3818 illi
623 3765 717 3833 stulti,
733 3766 902 3836 impudentes
925 3777 953 3823 et
973 3769 1045 3839 impii
1065 3769 1176 3825 denton-

378 3863 500 3911 strenlut·
511 3855 533 3910 ⁸.

414 3945 483 4002 bue.
503 3946 638 4004 Erubesce
652 3967 660 4005 ε
674 3964 728 4004 non
749 3949 798 4005 luit
819 3951 974 4007 btrtbrosius
995 3952 1173 4019 blaniebteus,

377 4053 441 4093 cum
456 4037 559 4095 diceret
572 4039 710 4098 hominem
723 4043 797 4112 prins
809 4043 899 4099 subire
910 4044 1065 4100 delictorum
1080 4053 1174 4100 eonta-

376 4131 471 4199 gium,
486 4147 564 4202 quam
585 4135 672 4190 uitalis
686 4135 795 4205 spiritus
814 4152 910 4191 munus
932 4135 1039 4191 haurire
1061 4137 1128 4208 (Lib.
1144 4137 1175 4191 de

379 4221 509 4295 Philon).
524 4224 577 4280 Sed
590 4241 640 4281 nee
651 4226 702 4281 ista
711 4225 819 4294 delicta,
836 4228 884 4283 nisi
899 4243 931 4283 ex
944 4229 1079 4283 uoluntate
1091 4228 1173 4283 exsti‘

378 4322 487 4380 terunt,
502 4316 573 4372 unde
587 4317 716 4387 originem
740 4317 847 4372 trahunt
862 4337 869 4373 :
884 4327 910 4372 et
925 4318 984 4373 ideo
1006 4333 1056 4374 nec
1076 4319 1102 4372 in
1119 4318 1174 4372 Deo

377 4416 420 4460 est
434 4407 571 4478 iniquitas,
583 4408 627 4479 qui
638 4419 747 4479 propter
757 4408 807 4462 bue
819 4409 907 4480 posuit
916 4408 1087 4463 noscentibus
1094 4422 1173 4477 gram

373 4499 469 4568 jugmn
486 4516 492 4552 :
508 4514 557 4552 nec
573 4498 598 4552 in
613 4499 670 4570 lege
682 4498 852 4568 perversitas,
870 4500 958 4568 itaqua
973 4500 1022 4555 lrne
1036 4499 1147 4555 discitur
1161 4498 1173 4530 ⁸

376 4603 440 4642 esse
454 4588 640 4655 verissimum,
656 4587 727 4660 quod
741 4600 768 4645 et
781 4590 830 4659 ipsi
846 4590 982 4656 rideretis,
997 4590 1048 4644 nisi
1063 4604 1110 4645 sos
1121 4605 1171 4661 pn·

378 4678 433 4730 tius
446 4692 587 4747 perversos
600 4678 692 4733 oeulos
707 4679 850 4734 haberetis.

414 4766 499 4822 tttttt.
515 4768 574 4823 lut.
600 4766 704 4824 llarreat
725 4770 804 4839 igitur
826 4769 875 4824 lme
898 4769 1013 4825 maxime
1036 4770 1172 4838 prudentis

374 4857 468 4912 animo
482 4858 600 4923 lectoris,
611 4859 734 4914 oumibns
744 4858 887 4928 scripturis
900 4859 982 4913 saeris
996 4860 1081 4914 solunt
1095 4860 1169 4926 illud,

374 4948 447 5017 qarod
471 4949 640 5004 inhonorem
664 4950 709 5003 Dei
730 4948 858 5003 Catholici
880 4950 1005 5018 sapiunt,
1021 4952 1169 5018 contineri,

374 5038 447 5093 sicut
465 5038 643 5110 frequentium
667 5045 857 5096 sententiarum
880 5041 938 5096 lucc
958 5042 1124 5096 illustratur:
1144 5052 1171 5098 et

377 5129 464 5185 sicubi
479 5130 571 5186 durior
589 5131 706 5186 elocutio
721 5131 833 5186 arroserit
851 5131 1046 5201 qtrtnstinnem,
1069 5140 1170 5186 certum

375 5222 485 5293 qtridetu
499 5239 575 5292 esse,
591 5240 643 5279 non
658 5226 691 5280 ibi
707 5223 732 5279 id
745 5223 814 5295 quod
831 5225 955 5292 ittjtrstum
972 5233 1021 5290 est,
1037 5226 1087 5280 luci
1102 5227 1171 5280 illins

374 5324 515 5370 sanctorem
530 5317 668 5385 sapuisse;
683 5315 828 5371 secundnm
844 5316 869 5369 id
882 5327 970 5371 antem
983 5316 1081 5372 debere
1094 5317 1171 5372 intel-

374 5407 432 5478 ligi,
454 5406 524 5477 quod
537 5417 565 5462 et
578 5409 646 5462 ratio
660 5407 797 5477 perspicua
808 5449 821 5474 „
831 5415 858 5462 et
872 5408 983 5462 aliorum
998 5408 1126 5473 locorum,
1143 5409 1169 5462 in

373 5496 472 5569 qulbus
486 5506 591 5553 nonest
605 5498 772 5569 ambiguitas,
787 5482 913 5567 splendor·
926 5501 1059 5568 aperuerit
1074 5499 1094 5551 ⁶.
1110 5500 1169 5554 lam

374 5588 455 5658 igitur
467 5587 527 5658 ejus
540 5602 601 5643 cum
614 5604 666 5658 qrro
679 5591 782 5658 agimus
793 5588 872 5644 verba
888 5604 1027 5660 punarnus.
1041 5589 1167 5660 liquidem

406 5801 414 5831 ¹
433 5799 500 5859 mitt,
518 5799 660 5863 ouidttss,
672 5802 745 5863 quod.

405 5862 416 5894 ¹
432 5863 469 5910 sic
483 5867 536 5912 ttss.
550 5861 618 5920 man,
629 5867 722 5926 putant.

405 5924 417 5953 ¹
432 5924 469 5971 ste
480 5929 532 5972 ttss.
551 5922 611 5971 clar.
621 5931 648 5973 et
659 5931 721 5973 t’ort
736 5925 794 5975 ratiti
807 5939 873 5986 uero,
886 5925 1049 5991 inprudentes
1060 5934 1083 5978 el
1101 5927 1170 5991 intpr‘i

373 5984 575 6034 denominant.
681 6043 686 6054 ι

405 6048 416 6076 ⁸
434 6049 470 6094 ste
485 6053 539 6096 ttss.
551 6045 619 6115 aliti,
637 6044 735 6097 dicetur.

405 6108 416 6141 ⁸
433 6115 495 6170 ttss..
513 6112 616 6170 maort.

1050 642 1149 697 tanen
1168 641 1354 719 senonens.
1411 688 1416 696 .

1966 655 2036 713 1150

1245 761 1270 813 in
1287 761 1332 815 illo
1344 762 1429 829 capite
1443 762 1574 818 dictorum
1594 779 1718 833 suorum,
1732 766 1803 836 qnod
1818 767 1945 836 usquead
1968 770 2036 837 ligu-

1243 852 1297 906 lum
1322 864 1491 923 peecatorum
1514 857 1522 886 ¹
1547 857 1630 911 lleum
1654 873 1730 911 suum
1754 858 1919 922 adduxerat,
1942 867 2036 913 eontra

1242 945 1313 1014 qud
1329 946 1397 1000 libro
1416 947 1554 1015 superiore
1573 948 1751 1015 eottssisimus,
1770 951 1883 1004 tenuiter
1895 949 1972 1014 elisit,
1988 963 2037 1018 per

1241 1051 1323 1089 unum
1339 1036 1473 1090 ltnminern
1488 1047 1624 1105 peceatum
1640 1039 1752 1093 intrasse
1768 1040 1793 1092 in
1816 1039 1942 1093 mrtttdum
1957 1057 1964 1090 ι
1981 1054 2034 1093 non

1242 1136 1280 1178 est
1293 1135 1380 1178 autern
1397 1126 1422 1179 in
1436 1128 1602 1194 expositione
1617 1128 1666 1181 loci
1679 1129 1761 1197 ipsios
1774 1130 1939 1183 itrtrrtoratus.
1955 1129 2035 1182 Post·

1242 1232 1321 1286 utram
1335 1233 1398 1272 tero
1411 1219 1502 1273 multis
1515 1219 1603 1274 uerbis
1615 1231 1706 1275 contra
1722 1222 1765 1273 illa
1779 1231 1914 1289 excerpsi,
1929 1237 1988 1288 truse
2001 1222 2034 1275 ad

1239 1325 1268 1366 se
1290 1311 1429 1366 eonllrnrat
1443 1313 1540 1378 missa,
1559 1312 1704 1378 disseruit,
1727 1313 1895 1380 pervenitad
1917 1312 2033 1381 aliquem

1239 1401 1372 1456 dictorum
1389 1419 1510 1457 meorum
1529 1404 1626 1469 locum,
1649 1420 1727 1472 quent
1746 1404 1796 1457 sibi
1811 1405 1885 1472 qttasi
1899 1421 2030 1473 oppugna·

1241 1501 1317 1546 turus
1331 1493 1446 1561 obierim
1460 1494 1508 1548 sed
1521 1493 1587 1547 nilail
1598 1494 1743 1547 secundnm
1758 1494 1783 1547 id
1797 1494 1866 1563 «pund
1879 1495 1962 1548 luet-at
1976 1497 2030 1564 pul·

1240 1589 1315 1635 satns
1327 1583 1467 1648 reserens,
1490 1583 1522 1637 ad
1539 1584 1607 1637 banc
1625 1583 1746 1653 Apostoli
1761 1587 1918 1639 serrtentiaut
1932 1600 2033 1638 cortuu-

1238 1671 1321 1735 lauit,
1349 1673 1374 1726 in
1396 1688 1446 1742 qua
1472 1672 1554 1738 dicit,
1571 1690 1619 1743 per
1640 1690 1720 1728 tnnnn
1745 1675 1878 1729 ltortrinenr
1894 1684 2032 1743 peecatum

1240 1763 1354 1816 intrasse
1377 1765 1403 1817 ln
1428 1765 1573 1829 mnndnm;
1593 1774 1620 1820 et
1643 1766 1788 1820 seeundum
1812 1767 1908 1837 dngrna
1933 1784 2031 1832 suurn,

1238 1862 1391 1906 contextum
1407 1853 1458 1907 loci
1473 1854 1554 1923 ipsius
1568 1869 1702 1924 exponere
1715 1857 1823 1910 tatolitus
1838 1865 1879 1911 est
1894 1873 1900 1908 :
1924 1865 2033 1924 propter

1237 1943 1307 2011 tpnod
1328 1958 1388 2012 ego,
1403 1945 1590 2012 praetenuissis
1605 1946 1674 2012 aliis,
1690 1947 1724 2000 ad
1743 1964 1802 2002 carn
1818 1947 1955 2017 promereri
1970 1961 2030 2015 ptr·

1237 2043 1310 2100 tem,
1335 2044 1364 2088 ut
1385 2036 1446 2106 quia
1467 2052 1510 2092 nte
1532 2039 1706 2106 promiserant
1728 2040 1796 2095 lntnc
1819 2055 1879 2096 esse
1902 2040 2030 2109 qtrastio-

1238 2139 1298 2177 nent
1312 2125 1338 2179 in
1353 2127 1473 2182 sectando
1488 2129 1622 2183 uolumine
1643 2132 1811 2196 sulutnrnm,
1827 2140 1853 2184 et
1869 2129 1947 2183 tidem
1970 2144 2031 2198 pro·

1236 2214 1370 2269 missionis
1391 2218 1538 2287 itnpletum,
1553 2229 1580 2272 et
1592 2221 1786 2288 argumentatio
1801 2221 1872 2274 illius
1885 2236 1943 2289 utare
1958 2228 2031 2277 esset

1235 2310 1423 2371 usternlerenr,
1449 2323 1483 2362 tte
1505 2318 1613 2378 putarer
1636 2309 1730 2364 iecisse
1749 2308 1889 2373 lrattdern‚
1914 2311 1936 2362 si
1959 2309 2046 2363 illins.

1234 2398 1401 2462 expositione
1413 2413 1567 2467 suppressa,
1582 2414 1640 2453 caut
1653 2415 1733 2468 epotam
1745 2400 1901 2454 catlruliennt
1916 2399 2030 2454 [atteratur

1235 2486 1375 2539 irtio-rtem.

1270 2575 1338 2629 bue.
1354 2575 1523 2646 Pelsginnant
1535 2578 1657 2634 illaturus
1670 2594 1709 2643 cs,
1725 2595 1781 2633 non
1793 2580 1962 2635 eatlrntieam.
1976 2581 2028 2635 tha-

1235 2664 1332 2719 tltolica
1349 2666 1394 2720 illa
1414 2677 1474 2735 est,
1497 2684 1556 2738 unte
1579 2671 1694 2725 usternlit
1711 2670 1811 2740 justum
1833 2673 1913 2726 llenm
1939 2673 1964 2725 in
1990 2681 2029 2726 tut

1231 2771 1262 2808 nt·
1278 2758 1359 2810 tttttis
1379 2759 1466 2824 puetis
1485 2769 1512 2814 et
1528 2761 1691 2815 crtreiatibus
1711 2763 1897 2831 rrarsttlurnnu
1912 2780 1978 2833 «ratris
2000 2763 2025 2816 in

1232 2849 1355 2915 paradiso
1371 2851 1441 2904 nllus
1453 2865 1545 2905 eorum
1562 2853 1634 2905 nulla
1656 2855 1781 2922 mtprtitate
1795 2856 1924 2918 sentiret,
1940 2856 1961 2908 si
1978 2870 2027 2908 tta·

1231 2945 1289 2989 tuta
1305 2936 1419 2992 lrurmmo
1435 2940 1525 2994 titiant
1548 2952 1668 3010 peccato,
1683 2953 1710 2998 et
1729 2945 1824 2999 irretito
1835 2944 1955 2998 danmata
1972 2960 2024 2998 unu

1230 3038 1311 3082 esset.

1266 3117 1360 3172 xxttt.
1393 3120 1452 3176 ltu..
1486 3121 1644 3179 lletractaus
1670 3124 1749 3193 igitur
1774 3126 1800 3179 in
1831 3129 1917 3196 prritrtn
1942 3140 2025 3194 opere

1229 3222 1291 3261 uren
1316 3210 1477 3264 sententiam
1502 3212 1578 3283 ejus,
1603 3230 1655 3284 qua
1680 3215 1782 3269 eliserat
1808 3235 1814 3269 ι
1843 3215 1933 3269 rb'am
1955 3217 2025 3270 sicut

1229 3307 1366 3366 peccatum
1380 3342 1387 3363 ,
1405 3302 1465 3357 sire
1479 3305 1539 3358 binc
1553 3344 1561 3370 ,
1575 3305 1632 3361 site
1645 3305 1707 3361 inde
1722 3307 1842 3361 trabatur
1856 3324 1870 3361 a
1886 3308 2022 3377 paruulis,

1228 3405 1294 3457 opus
1318 3401 1360 3445 est
1383 3393 1502 3457 ‹litaboli3
1525 3396 1564 3450 sic
1584 3395 1683 3461 iterato,
1707 3399 1763 3453 sire
1787 3399 1867 3464 ltine,
1883 3400 1941 3453 situ
1961 3399 2023 3453 indu

1227 3490 1360 3546 nascatur,
1372 3494 1486 3550 opusest
1500 3485 1546 3538 llei
1563 3504 1572 3537 a
1588 3485 1638 3555 (De
1647 3485 1752 3556 Nrrptiis
1765 3500 1789 3542 et
1804 3490 2021 3559 toatcuptacnnin,

1228 3569 1271 3622 tte
1284 3571 1343 3632 l‚rr.
1354 3571 1366 3625 1
1380 3576 1389 3641 l
1403 3590 1409 3626 :
1424 3572 1458 3625 ita
1469 3584 1556 3628 antem
1568 3592 1583 3628 a
1593 3593 1636 3630 ure
1649 3593 1719 3632 tturrc
1730 3580 1773 3633 lde
1783 3581 1905 3641 reltutrn,
1915 3583 1983 3633 sient
1994 3582 2019 3634 in

1226 3676 1287 3714 nteu
1302 3677 1382 3733 opere
1397 3665 1560 3734 continetur,
1576 3667 1647 3722 unde
1660 3671 1802 3725 rtrasirnant
1820 3682 1921 3743 partem
1936 3673 2021 3728 lauerat

1229 3754 1279 3808 istc
1293 3753 1404 3812 snratns.

1261 3848 1327 3901 Aeo.
1354 3846 1398 3902 Sic
1420 3864 1480 3903 sera
1504 3851 1514 3881 ¹
1543 3851 1687 3922 disputas,
1711 3855 1845 3923 ‹prontodo
1867 3872 1957 3910 renam
1980 3867 2022 3911 est

1226 3939 1296 4006 nuotl
1319 3954 1369 4010 ego
1394 3940 1437 3994 illa
1462 3941 1565 3997 lirratus
1590 3961 1648 3999 sum
1676 3962 1764 4001 :carm
1795 3949 1883 4017 prtitrs
1906 3949 1950 4003 ille
1972 3966 2020 4004 eu-

1224 4027 1270 4095 jus
1289 4029 1409 4083 cltartulu
1430 4033 1494 4086 nrilti
1519 4034 1600 4089 ntissa
1623 4048 1683 4102 est,
1708 4039 1778 4106 uttod
1801 4041 1884 4093 uoluit
1898 4050 1977 4110 atque
1992 4049 2022 4093 nt

1225 4119 1308 4172 uoluit
1319 4162 1326 4184 ,
1338 4134 1371 4174 ex
1386 4135 1466 4188 opere
1480 4130 1546 4190 tuo,
1563 4127 1674 4181 arbitrio
1686 4142 1735 4181 sun
1751 4129 1901 4200 iudicioque
1924 4140 2014 4185 trans·

1226 4207 1324 4262 tulerit.

1258 4295 1354 4354 xilv.
1366 4298 1427 4354 lut.
1443 4301 1578 4370 llespnndi
1589 4318 1653 4373 ergo
1667 4306 1702 4359 ibi
1715 4325 1723 4358 :
1737 4325 1748 4358 (
1764 4308 1803 4364 'lta
1818 4310 1925 4378 qtridern
1938 4310 2020 4382 (paco

1223 4390 1368 4458 stragistcrii
1385 4392 1420 4444 tui
1436 4392 1547 4446 dixerim
1559 4392 1582 4463 ⁸)
1601 4396 1784 4465 tergiversaris
1804 4417 1811 4452 :
1835 4401 1882 4453 sed
1896 4401 2016 4472 intellige

1222 4480 1293 4549 quod
1308 4480 1436 4535 adetnerit
1451 4483 1496 4537 tibi
1509 4483 1608 4538 ueritas
1618 4486 1751 4541 licentiam
1764 4490 1937 4560 pervagandi.
1950 4493 2019 4546 licen

1222 4575 1293 4627 enirn
1318 4586 1344 4628 ct
1369 4592 1417 4629 ntis
1436 4577 1629 4647 acquiescimus
1651 4583 1711 4649 quia
1732 4593 1869 4649 peecatum
1890 4599 1957 4652 errans
1976 4595 2019 4638 est

1222 4665 1299 4718 malac
1314 4665 1465 4730 roltnrtatis,
1486 4668 1525 4722 rel
1555 4682 1621 4738 opus
1636 4679 1676 4723 cst
1694 4670 1790 4725 diaboli
1804 4689 1811 4724 ε
1827 4673 1873 4727 sed
1894 4688 1941 4741 per
1954 4675 2017 4741 quid

1222 4754 1273 4808 boc
1286 4763 1424 4824 peccatum
1442 4756 1574 4813 invenitur
1588 4760 1614 4812 in
1629 4762 1755 4828 paruulo?
1772 4763 1822 4816 Per
1833 4765 2018 4818 tolttntatem?

1222 4847 1255 4897 At
1270 4845 1339 4897 rmlla
1361 4845 1387 4898 in
1401 4860 1433 4900 eo
1449 4846 1506 4900 luit.
1524 4849 1575 4903 Per
1595 4849 1707 4902 lorntanr
1722 4852 1863 4919 corporis?
1881 4854 1932 4907 Sed
1947 4854 2016 4908 lrane

1221 4936 1292 4990 Deus
1309 4937 1409 4991 tribuit.
1426 4939 1477 4992 Per
1496 4941 1647 5009 ingressum
1660 4944 1776 4997 arritum?
1790 4943 1840 5000 Sed
1856 4947 1921 5001 nibil
1937 4948 2018 5007 debet
2104 4989 2106 4993 .

1221 5031 1319 5085 semini
1333 5033 1476 5101 corporali,
1491 5048 1550 5104 quse
1569 5051 1662 5089 notaa
1679 5038 1734 5092 [leo
1746 5041 1880 5094 conditur.
1897 5043 1947 5095 Per
1963 5060 2015 5097 ran-

1222 5123 1311 5189 ptias‘?
1330 5121 1382 5178 Sed
1400 5123 1440 5177 lue
1457 5125 1589 5193 pertinent
1603 5128 1635 5181 ad
1651 5144 1718 5198 opus
1737 5141 1887 5199 parentum,
1907 5149 1975 5202 qtros
1989 5137 2020 5193 in.

1223 5214 1272 5268 lrue
1283 5225 1344 5268 actu
1355 5230 1406 5269 non
1418 5231 1543 5286 peccasse
1560 5221 1731 5288 praemiseras
1745 5242 1751 5275 :
1764 5224 1834 5291 quoad
1849 5224 1870 5276 si
1883 5243 1935 5276 nam
1952 5241 2016 5281 rere

1221 5305 1248 5359 id
1269 5320 1451 5374 coracesscras,
1465 5310 1532 5363 sient
1544 5324 1685 5380 processus
1701 5312 1737 5363 tui
1755 5314 1888 5366 scrnmnis
1902 5312 2017 5383 indicat,

1222 5399 1286 5466 ipsae
1306 5405 1367 5451 sunt
1388 5400 1569 5463 ensem-andan,
1592 5416 1652 5469 quzu
1673 5415 1781 5454 catrsanr
1799 5400 1917 5457 [recerunt
1940 5407 2015 5461 rurali.

1221 5486 1318 5541 Verum
1335 5488 1386 5542 illae
1410 5490 1585 5543 substantiam
1604 5491 1738 5559 propriam
1759 5510 1810 5546 trun
1834 5495 1948 5559 ltalnun;
1964 5496 2014 5550 sed

1253 5621 1265 5692 ¹·
1279 5619 1353 5693 editi,
1368 5628 1517 5684 peoemmcm
1536 5633 1547 5670 .·
1568 5620 1633 5670 naalo
1659 5634 1687 5673 ac
1715 5629 1907 5690 repttgrtautibus
1934 5641 2016 5679 urrann·

1247 5695 1282 5728 r··
1306 5696 1323 5730 ¹.

1218 5695 1572 5804 scs'ffirtstmnttm,
1590 5744 1700 5798 sierrrn
1913 5801 1915 5803 .

1252 5805 1262 5837 ³
1279 5806 1354 5876 editi,
1365 5805 1485 5868 responde
1501 5820 1558 5869 erpo
1573 5807 1865 5874 sternutamentum
1881 5808 2015 5873 monisterit'

1218 5865 1254 5918 tut'
1272 5868 1386 5918 ductant.
1412 5869 1562 5930 castigantur
1584 5885 1614 5921 ex
1638 5879 1691 5924 ltss.
1716 5880 1777 5923 tort.
1805 5880 1859 5922 ttar.
1890 5872 1950 5922 clar.
1970 5881 2017 5921 ttr-

1218 5929 1430 5991 spousioncmbue
1449 5943 1517 5978 suant
1539 5932 1646 5983 lulianus
1666 5935 1780 5984 lrarrsfcrt
1800 5948 1830 5982 ex
1854 5935 1932 5996 pritno
1953 5935 2015 5984 libro

1221 5993 1306 6052 prioris
1315 5992 1396 6053 (alacris
1407 5991 1437 6040 ad
1448 5995 1611 6055 'ttrrbantiunn
1629 5999 1741 6061 quaejam
1758 5998 1788 6043 alt
1802 5998 1931 6055 augustino
1947 5999 2014 6046 relit-

1223 6067 1269 6103 tata
1288 6070 1325 6106 est
1337 6076 1371 6122 sn¹
1383 6080 1416 6118 aa,
1430 6054 1454 6101 in
1467 6053 1506 6102 lilr.
1521 6058 1597 6117 pritrto
1617 6059 1649 6105 dn
1667 6067 1705 6119 sn,¹
1717 6060 1755 6104 tiis
1774 6066 1797 6105 et
1810 6060 2013 6122 concupiscentur,

1223 6130 1263 6165 un.
1277 6120 1318 6173 5⁰,
1329 6122 1368 6179 5!‚
1381 6127 1404 6175 ja
1418 6117 1502 6174 tmesi
1513 6126 1595 6168 ccrttta
1607 6120 1734 6178 trutinum,
1752 6132 1774 6166 n.
1789 6117 1816 6166 51
1828 6132 1881 6182 sspp.
