4900 6892
1076 654 1175 717 trneu
1195 653 1365 726 Quantus,
1969 644 2037 714 titt

1249 772 1354 840 peceati,
1376 769 1421 826 ilia
1439 771 1514 844 piuqn
1533 772 1711 842 rettip‘ttnt'qt'te
1730 773 1833 842 peceati,
1855 770 1901 826 itta
1919 773 2035 827 illecebra

1248 866 1374 936 [ornetque
1394 867 1503 936 peccari,
1526 867 1573 921 itta
1593 868 1634 921 tex
1653 870 1679 922 in
1698 866 1812 922 rttrnritrir
1829 880 1973 939 repuqnanr
1986 868 2038 938 iepi

1247 961 1347 1014 nuntia.
1363 958 1446 1032 liujus
1460 961 1544 1029 pudet,
1562 969 1584 1013 et
1603 961 1689 1013 merito
1704 958 1790 1029 pudet.
1807 957 1876 1013 Νιιιιι
1888 959 1911 1012 si
1923 961 1970 1013 leue
1986 965 2036 1013 noti

1249 1061 1321 1116 esset,
1335 1051 1478 1121 quidnobis
1491 1050 1698 1122 essetinqrat'iur,
1713 1051 1774 1115 quid
1787 1050 1961 1121 irreliqiosum,
1975 1050 1998 1105 si
2011 1052 2037 1104 in

404 665 473 735 tati

404 777 454 845 uec
465 797 492 841 ιιι
502 802 562 842 cum
577 786 721 842 ttarrietrao
733 780 889 839 diabolicam
901 778 1018 852 potueris
1028 775 1191 848 approbare,

403 875 431 936 e't
441 879 496 948 jam
510 878 566 949 ipsa
581 878 726 951 pnonrissae
738 865 922 945 disputationis
936 868 1125 940 consequentia
1138 866 1193 920 cla-

403 973 513 1038 misset,
524 970 556 1025 ad
570 969 688 1039 ejusdcm
704 982 810 1038 operam
825 979 964 1021 recurrere
978 975 1085 1018 sensum
1101 958 1193 1022 iilum,

404 1057 459 1135 quo
471 1062 675 1118 commixtorum
690 1073 787 1129 corpus
801 1046 930 1120 allicitur,
952 1055 984 1110 ad
997 1053 1073 1125 errius
1086 1040 1195 1106 iustitu-

406 1149 506 1214 tionem
517 1169 639 1224 corpora,
653 1151 774 1222 coniugia
788 1143 888 1204 sentina
899 1139 1078 1202 reserrentur?

440 1247 509 1302 auc.
524 1245 580 1300 ltiia
595 1251 636 1298 est
648 1242 688 1296 uis
701 1238 850 1303 sentietrdi,
873 1236 944 1292 aliud
965 1236 1057 1292 uitium
1072 1230 1198 1302 concupi·
1250 1229 1298 1285 lici
1312 1232 1522 1303 corrpmdereraur
1535 1233 1650 1302 operitur
1671 1231 1729 1297 (lie
1747 1231 1851 1301 Nuptiis
1871 1240 1893 1285 et
1914 1230 2040 1301 Concupi-

405 1330 498 1393 s‘eendi
512 1354 519 1390 ε
531 1335 654 1391 discerne
667 1331 721 1387 duo
734 1331 782 1386 ism
796 1330 954 1400 diiigenter,
976 1312 1028 1381 noli
1047 1319 1137 1380 errare
1151 1312 1198 1377 dc-
1250 1326 1354 1389 cienda,
1371 1320 1414 1378 tit.
1434 1324 1503 1390 λιι.
1518 1323 1583 1390 tat?
1596 1323 1695 1378 diarruti
1709 1332 1782 1378 ccrte
1796 1323 1910 1393 qualiter
1925 1322 2038 1393 gestiat:

406 1423 537 1481 iormitcr.
551 1425 606 1479 Alia
616 1431 668 1483 est,
678 1420 797 1492 inquam,
810 1420 848 1474 vis
862 1416 1004 1482 sentiendi,
1019 1413 1091 1469 aliud
1106 1413 1197 1468 uitium
1251 1414 1347 1484 gaudio
1367 1427 1417 1468 suo
1429 1430 1481 1467 utin
1496 1421 1583 1483 potest
1594 1411 1721 1469 atllriliere
1738 1410 1846 1478 irerius;
1866 1414 1940 1468 tenet
1954 1427 2041 1467 meam

406 1515 622 1586 concupiscendi.
636 1502 707 1584 tege
720 1506 891 1581 Euangelium
903 1527 909 1561 :
922 1494 973 1573 Qut
985 1499 1084 1571 uiderit,
1098 1504 1198 1574 iuquit,
1252 1504 1421 1567 sententiam,
1445 1518 1495 1573 qua
1514 1504 1756 1572 concupiscentiam
1777 1501 1924 1557 naturalem
1944 1501 2040 1557 malam

408 1602 538 1665 mulierem
556 1606 590 1661 ad
606 1598 833 1675 concrepiscentlum
846 1617 917 1666 eam,
933 1596 990 1670 jum
1013 1590 1149 1652 nuectatur
1163 1589 1200 1647 ert
1253 1595 1337 1665 possit
1350 1591 1502 1661 ostendere,
1518 1595 1545 1650 et
1558 1586 1654 1649 diaboii
1668 1591 1794 1664 oporibds
1807 1589 1935 1665 deputare
1945 1613 1952 1648 z
1963 1604 2043 1665 quam

408 1692 462 1756 ιἰιιιι
475 1699 502 1754 in
514 1698 590 1753 corde
600 1713 647 1752 tuo
660 1681 765 1770 (Hatria.
780 1710 805 1758 r,
822 1683 887 1766 t8i:
905 1708 958 1748 uon
970 1672 1049 1756 dixit,
1062 1688 1112 1756 Qui
1125 1685 1200 1741 tide·
1253 1685 1410 1740 seruientium
1433 1685 1466 1740 de
1485 1682 1534 1740 ore
1554 1685 1614 1741 meo
1633 1672 1699 1741 dicit
1716 1687 1742 1741 ri
1761 1680 1880 1742 ueritatis
1893 1685 2042 1752 extortam,

408 1778 452 1858 ui,
475 1778 546 1861 quinti
564 1788 606 1844 es'i
624 1787 722 1842 sentire
744 1799 791 1853 per
811 1780 872 1840 eum
896 1797 1003 1838 sensum
1022 1779 1142 1851 corporis
1156 1773 1201 1848 qui
1253 1771 1478 1846 concionaturque
1491 1776 1708 1831 scelestissimum
1729 1766 1809 1847 atque
1830 1774 2044 1849 profanissimum

409 1878 506 1937 dicitur
518 1879 603 1944 uisus;
618 1876 676 1943 sed,
691 1872 734 1948 q'ui
746 1870 846 1940 itaet,
860 1873 956 1943 inquit,
973 1869 1006 1924 ad
1017 1869 1201 1940 eoncupiscen-
1253 1865 1331 1931 esse,
1353 1867 1375 1944 sl
1395 1882 1426 1921 ca
1440 1883 1499 1939 qua
1513 1882 1529 1921 a
1545 1867 1599 1922 lieo
1618 1867 1685 1922 lacta
1698 1867 1834 1936 dicamus,
1857 1866 1959 1940 pudore
1980 1884 2046 1939 ope-

411 1963 488 2037 dam,
508 1970 579 2042 quod
594 1977 635 2026 cst
649 1968 740 2023 uidere
756 1965 790 2020 ad
809 1965 917 2020 malum.
939 1963 1017 2018 Visus
1029 1975 1093 2031 crgo
1107 1973 1202 2016 seusus
1255 1956 1345 2013 rienda
1360 1955 1501 2014 fateamur.
1513 1954 1567 2014 Sed
1578 1955 1714 2014 alacritate
1725 1961 1884 2015 commotior
1894 1976 1947 2015 ιιοιι
1961 1959 2047 2030 potuit

411 2063 498 2118 caruis
517 2071 559 2116 est
580 2056 905 2127 bonuszcoucupisoentia
919 2069 984 2110 uero
1005 2054 1094 2109 castris
1115 2060 1203 2108 motus
1256 2046 1405 2117 ponderare
1427 2048 1490 2118 quid
1505 2049 1628 2105 diceret:
1642 2048 1765 2106 asserens
1784 2051 1856 2105 euim
1877 2051 1903 2106 in
1921 2053 2046 2123 operibus

414 2149 455 2208 e'si
477 2152 573 2207 malus.
589 2151 648 2221 Quo
662 2151 732 2206 rnaio
747 2149 768 2204 si
782 2149 850 2204 berre
863 2148 947 2202 utitur
958 2146 1128 2216 conjugatus,
1150 2159 1203 2200 uon
1256 2138 1304 2199 liei
1326 2139 1479 2209 pudendum
1493 2135 1558 2196 nihil
1571 2143 1650 2210 esse,
1666 2158 1775 2212 operam
1790 2137 1878 2198 autem
1891 2133 2046 2214 petritalirmt

415 2240 476 2300 ium
497 2244 596 2298 bunum
616 2236 694 2306 lacit}
708 2240 754 2295 scd
774 2238 848 2309 'operi
862 2235 932 2294 tono
945 2234 1045 2292 servire
1057 2222 1202 2313 compellit,
1257 2231 1406 2301 pitdendam
1425 2247 1498 2295 csse,
1521 2231 1549 2288 ct
1571 2234 1631 2289 ideo
1651 2232 1704 2289 nou¹
1726 2250 1805 2304 posse
1824 2251 1882 2290 eam
1897 2224 2048 2290 conditoris

417 2318 490 2390 iacit
502 2334 572 2389 euim
589 2330 694 2387 nonnisi
708 2328 769 2387 boni
782 2312 879 2401 aliquid
892 2339 919 2384 et
931 2324 978 2400 pe'r
993 2325 1089 2399 ipsum,
1103 2328 1124 2382 si
1138 2325 1205 2382 nihii
1257 2318 1384 2393 ope'riitus
1404 2320 1537 2389 adscribi;
1561 2325 1650 2380 sutrito
1671 2325 1809 2381 consessus
1832 2337 1873 2381 est
1899 2325 1971 2382 illam
1995 2342 2047 2381 nou

415 2418 495 2478 iaciat
508 2434 617 2493 propter
630 2423 716 2491 ipsum
728 2439 735 2473 ι
746 2421 768 2476 si
782 2432 869 2475 autern
886 2418 965 2474 iaciat
977 2418 1086 2488 aliquid,
1102 2416 1149 2473 sed
1163 2412 1205 2471 t'a·
1257 2412 1345 2468 solum
1370 2411 1529 2480 honestam,
1557 2415 1604 2469 sed
1632 2415 1712 2469 etiam
1735 2416 1849 2486 justam;
1880 2416 1932 2471 non
1960 2417 2048 2473 solunt

417 2509 478 2567 inan
491 2513 517 2566 in
533 2512 660 2581 cunjuge,
675 2518 782 2580 pmpter
795 2509 899 2577 ipsum,
913 2522 966 2562 non
977 2505 1001 2561 ci
1014 2506 1118 2560 reniam
1131 2503 1207 2560 daret
1259 2496 1367 2558 creante
1382 2503 1447 2571 lieo,
1462 2519 1553 2558 terum
1565 2506 1644 2561 etiarn
1656 2505 1803 2576 judicante,
1820 2509 1918 2563 nostris
1931 2510 2050 2579 corpori·

415 2590 560 2672 lpusrotus
578 2588 662 2671 qratia
684 2595 834 2670 nuptiarum
857 2595 886 2670 (l
901 2596 961 2653 Cor.
982 2611 1030 2663 un,
1053 2594 1093 2670 ii),
1110 2592 1134 2652 si
1153 2602 1206 2651 uon
1259 2591 1327 2653 tus¹
1340 2583 1504 2653 at'trittuta'm.
1515 2580 1624 2654 (isteudi
1635 2599 1661 2653 iu
1673 2587 1752 2653 tertio
1761 2599 1858 2678 prioris
1869 2601 1957 2672 operis
1970 2601 2049 2666 libro,

416 2688 805 2765 tattosceretessepeccamm.
838 2760 841 2765 Ι
988 2763 991 2770 ¹
1259 2677 1405 2766 nonposso
1418 2684 1489 2742 idern
1505 2703 1610 2758 poenam
1624 2703 1684 2745 esse
1698 2685 1768 2760 quud
1782 2684 1896 2760 culpam.

449 2780 538 2838 XXX.
559 2780 618 2837 lua.
638 2781 780 2852 Oporte'ret
797 2772 906 2850 quidem
928 2775 993 2834 uitii
1014 2784 1074 2848 post
1092 2769 1207 2848 primuni
1295 2770 1363 2834 litu.
1378 2777 1435 2831 lton
1449 2771 1607 2840 ostendisti.
1627 2770 1699 2850 quoti
1725 2790 1751 2835 te
1773 2773 1922 2838 ostendisse
1937 2765 2052 2860 inarriier

418 2873 495 2945 lpus,
508 2872 579 2943 quod
592 2872 626 2926 ad
641 2879 761 2927 sanctum
780 2870 952 2927 'latitantium
970 2868 1055 2933 edidi,
1070 2866 1152 2937 super
1162 2882 1209 2923 ne-
1258 2862 1343 2935 jaotas
1352 2884 1361 2921 a
1370 2865 1424 2923 imo
1435 2862 1516 2924 eiiam
1531 2861 1587 2940 ipse
1599 2870 1714 2940 quodam
1727 2871 1786 2927 loco
1799 2872 1897 2929 obiitus
1911 2874 1974 2946 quid
1988 2886 2052 2931 atris

419 2965 534 3022 cessario
555 2960 716 3018 naturalium
741 2953 841 3031 pudore
862 2955 1008 3023 disserere:
1031 2957 1091 3028 quia
1113 2955 1148 3012 iot
1171 2956 1206 3012 itt
1260 2939 1383 3039 dixisses,
1396 2957 1533 3018 consessus
1544 2977 1574 3018 es
1586 2955 1691 3034 eulpam
1704 2952 1784 3020 etiam
1798 2981 1903 3036 poenam
1917 2983 1977 3024 asu
1989 2984 2054 3040 μοι.
2098 2945 2101 2953 ’

422 3055 496 3126 pleno
506 3061 594 3109 actum
607 3061 665 3117 est,
689 3060 718 3105 ut
730 3051 780 3106 nisi
793 3049 921 3120 depositis
933 3047 1043 3104 omuino
1056 3035 1206 3115 mutat,
1260 3047 1439 3119 catttis.Quod
1447 3065 1569 3134 eqotcum
1581 3039 1627 3107 tibi
1638 3053 1759 3124 superius
1771 3046 1961 3126 responderem
1973 3057 2054 3130 (dee-

422 3142 486 3201 'stati
499 3144 562 3199 hinc
573 3143 657 3214 possit
669 3137 846 3212 ambiguitatis
858 3138 969 3194 obortit.
1260 3138 1301 3193 tra
1312 3136 1461 3210 latiensis,
1475 3140 1520 3196 tit.
1536 3142 1568 3208 5,
1581 3159 1608 3197 ιι.
1626 3131 1682 3216 ιιι),
1695 3145 1761 3201 satis
1774 3146 1912 3205 evidenter
1925 3148 2052 3208 ostende.

452 3225 1207 3300 Ans.'8anctuslorteTarbautius,lpsoop'eromoletto,
1261 3221 1338 3298 iam,
1357 3229 1437 3286 etiam
1460 3246 1508 3303 per
1525 3214 1682 3304 Apostolum
1704 3236 1819 3307 probans
1838 3238 1925 3308 puniri
1944 3249 2053 3311 peecata

422 3325 490 3396 inm
505 3325 538 3382 ad
551 3332 611 3382 eum
625 3332 651 3380 te
664 3323 803 3394 scripsisse
822 3334 1026 3388 commemoras,
1049 3320 1131 3377 etiam
1144 3329 1208 3390 pro*
1262 3309 1450 3395 mdszq'ui
1463 3318 1523 3379 edm
1542 3324 1748 3407 ogqurpffiam
1763 3308 1890 3395 ipim,
1911 3329 1982 3402 qm
2000 3332 2052 3388 im,

423 3423 510 3487 ptem
524 3417 551 3472 ln
566 3406 723 3472 catholicam
742 3411 821 3468 iidem
836 3410 991 3482 respiravit,
1003 3411 1129 3482 quoniam
1142 3408 1169 3465 te
1181 3408 1208 3465 iu
1262 3410 1424 3467 mutaverint
1442 3413 1554 3483 gloriam
1572 3404 1779 3487 incorruptibilis
1793 3397 1880 3476 [telin
1900 3420 2054 3478 similitudi·

423 3507 463 3564 hii
476 3521 556 3565 catam
569 3504 699 3562 deiecisse
713 3503 846 3575 cognovit.

1263 3498 1325 3558 uem
1341 3490 1462 3574 largitus
1476 3501 1657 3575 corrupturus
1671 3507 1802 3575 uomitu,
1817 3519 1844 3565 et
1858 3510 2012 3578 vomerum,
2027 3523 2055 3568 e

452 3596 738 3656 midunium
752 3597 813 3652 cum
826 3590 950 3650 defensor
961 3586 1078 3649 traducis
1089 3606 1123 3648 ne
1137 3564 1210 3648 tenui
1263 3591 1474 3679 quadrupedum,-
1486 3603 1513 3651 et
1526 3596 1703 3677 serpeutium3
1717 3599 1839 3669 protitius
1852 3583 1903 3658 ltoe
1917 3610 2055 3672 peccatum

420 3688 527 3761 priten
539 3687 621 3758 possit
634 3686 713 3745 alteo
727 3700 815 3758 unque
827 3683 979 3750 delectere,
993 3695 1134 3754 meumque
1147 3679 1211 3739 rlte·
1264 3683 1324 3740 attis
1338 3686 1452 3755 peccatis
1465 3676 1610 3744 osteudens
1621 3704 1682 3746 esse
1695 3691 1834 3760 punitum,
1849 3691 1999 3764 Propterea,
2012 3695 2056 3752 iu·

420 3780 503 3836 torica
516 3777 647 3850 elegantia
662 3775 752 3848 latiqot
764 3775 911 3848 pudorem,
932 3789 980 3831 our
991 3774 1104 3831 tironis
1124 3774 1212 3831 homi·
1265 3773 1339 3846 quit,
1354 3758 1459 3864 tradidit
1473 3777 1532 3833 ilios
1545 3768 1615 3835 aar
1626 3779 1654 3835 ιιι
1667 3781 1791 3863 derideas
1803 3783 1888 3839 eadit
1899 3783 2016 3854 ιιιοιιιιιι,
2028 3785 2057 3840 is

418 3871 515 3928 prm·
533 3871 668 3942 papatuum
692 3869 777 3938 ipsum
797 3867 994 3924 commixtionis
1006 3867 1081 3938 jurat
1100 3866 1164 3922 hinc
1179 3867 1211 3924 e'tt
1264 3865 1467 3937 iummditiam
1485 3863 1513 3925 ιιι
1533 3871 1691 3955 ιιιιιιιιιιιίι
1711 3874 1820 3946 alicime
1838 3892 1945 3948 corpora
1964 3894 2013 3934 ιιιιι
2030 3879 2057 3933 ιἰι

416 3970 479 4031 qnae
494 3956 576 4017 ntus
589 3961 656 4016 actis
668 3959 802 4025 moverit,
817 3958 945 4030 parcitate
958 3957 1124 4015 decerneret
1136 3957 1170 4014 Et
1185 3957 1213 4040 in
1265 3958 1405 4030 metipsis
1425 3958 1514 4031 (Rom.
1529 3976 1557 4027 t,
1577 3960 1631 4030 Β,
1650 3962 1707 4035 et),
1723 3952 1751 4021 ei
1762 3974 1859 4024 catera
1871 3981 1930 4038 quae
1942 3967 1978 4025 ihi
1990 3983 2057 4024 eon·

1250 1142 1367 1197 ntemirir
1383 1144 1492 1207 trottris,
1513 1158 1562 1196 ιιοιι
1576 1142 1607 1195 de
1620 1143 1679 1196 titio
1691 1142 1730 1195 uel
1742 1159 1815 1213 poena
1828 1151 1929 1205 nostra,
1950 1141 1994 1195 sed
2007 1140 2039 1195 de
2136 1175 2141 1182 -

415 4049 467 4107 truc
481 4052 548 4122 crgo
561 4052 627 4116 loeo,
641 4060 669 4106 et
681 4051 707 4105 ln
720 4049 899 4113 interioribus,
914 4040 958 4103 ubl
971 4064 1021 4120 ego
1032 4048 1106 4115 dixi,
1123 4049 1212 4104 «Pro-

371 4188 384 4203 .
412 4150 473 4207 piet·
486 4143 536 4195 itoc
549 4142 670 4212 relinquet
684 4138 758 4196 itorno
779 4150 875 4211 putrem
893 4144 917 4193 'et
932 4149 1046 4206 matretn,
1060 4148 1082 4193 et
1097 4139 1213 4194 adlicere-

412 4243 468 4287 tcet
484 4232 701 4296 promererent
722 4235 772 4285 duo
794 4229 820 4284 in
842 4245 918 4284 earne
938 4246 989 4282 una
1003 4226 1077 4299 (Gen.
1095 4245 1124 4297 rr,
1147 4229 1213 4298 att:

412 4336 444 4379 ut
462 4323 632 4395 exprimeret
645 4322 722 4377 iidem
742 4337 853 4392 operum
867 4320 995 4392 propheta
1010 4334 1093 4391 prope
1107 4320 1213 4390 pericu-

399 4410 473 4471 ·lum
491 4413 603 4485 pudoris
615 4413 765 4479 accessit;t
790 4413 865 4484 quasi
887 4410 1003 4482 praedam
1022 4410 1158 4465 inveniens
1170 4425 1216 4480 ge-

410 4509 477 4573 stit,
490 4504 617 4567 exsultat,
628 4514 656 4561 et
670 4506 768 4559 clamat
781 4521 787 4555 :
799 4503 892 4573 Aperta
902 4518 1015 4572 morsus,
1028 4511 1052 4555 et
1061 4503 1085 4555 ui
1095 4502 1213 4569 vericulis,

411 4589 525 4668 iuquit,
544 4603 639 4648 ectortu
657 4593 799 4661 conlectio!
813 4592 919 4647 Dicatur
932 4609 1019 4659 carten,
1034 4609 1079 4646 cur
1090 4594 1117 4646 in
1130 4592 1216 4662 expui

410 4685 521 4742 urrais
534 4685 649 4754 operitur
663 4685 720 4750 liet,
733 4686 857 4757 proptera
871 4702 949 4754 prope
961 4686 1099 4755 periculum
1113 4685 1218 4756 purioris

410 4779 566 4836 arcesserit.
585 4778 657 4833 itane
673 4796 730 4833 uero
750 4780 860 4832 itumana
875 4795 950 4849 opera
964 4774 1081 4849 perdenda
1098 4794 1151 4832 este
1167 4795 1218 4833 non

411 4871 530 4934 delient,
554 4870 598 4923 red
612 4871 687 4940 piane
698 4870 846 4943 pioriantia,
867 4880 890 4924 et
909 4867 992 4923 diuina
1007 4870 1125 4940 pudenda
1141 4873 1219 4927 eunti

383 4958 399 5028 '¹
411 4956 500 5018 itane
514 4978 574 5017 oero
587 4964 613 5015 in
627 4963 770 5032 eloquendis
790 4973 812 5017 et
827 4963 995 5032 exprimendis
1014 4962 1129 5033 operibus
1151 4962 1218 5030 Dei,

1266 4051 1358 4104 texuit.
1376 4048 1430 4106 Nec
1447 4051 1475 4104 in
1493 4036 1600 4107 Psalmo
1618 4048 1767 4119 diceretur,
1788 4058 1892 4127 ippone
1903 4058 2058 4131 iniquitatem

1266 4156 1342 4219 supet·
1353 4140 1509 4210 iniquitatem
1523 4159 1619 4208 eorunr,
1631 4142 1657 4198 et
1668 4145 1678 4176 ¹
1694 4161 1743 4198 uon
1755 4147 1847 4200 intrent
1861 4150 1887 4202 in
1899 4158 1968 4202 tuam
1980 4151 2052 4222 justi·

1267 4228 1327 4280 tinnt
1352 4220 1442 4300 (l'rui.
1457 4244 1554 4295 uxum,
1568 4224 1633 4298 28);
1649 4232 1699 4285 nisi
1714 4233 1787 4301 justo
1798 4235 1899 4303 judicio
1919 4237 1965 4291 lici
1981 4239 2053 4307 puni·

1268 4329 1361 4374 rentur
1374 4320 1470 4375 additis
1485 4321 1661 4390 praecedentia
1679 4333 1787 4392 peccata
1802 4327 1927 4394 peccatis.

1304 4401 1617 4470 tastamentum
1637 4430 1716 4487 super
1737 4415 1789 4472 hoc
1811 4417 1985 4474 laborandum
2006 4436 2060 4478 uon

1269 4511 1326 4560 ost:
1338 4505 1497 4561 commendo
1511 4514 1599 4579 tamen
1612 4507 1785 4577 disputatoris
1796 4509 1967 4565 acrimoniam
1979 4510 2000 4577 ⁸,
2014 4513 2061 4581 qui

1268 4594 1349 4667 'quarn
1364 4596 1453 4651 dicitu
1468 4597 1522 4652 lieo
1534 4596 1677 4664 redditam,
1690 4615 1743 4653 non
1753 4601 1832 4654 tulin
1846 4601 1900 4654 lico
1912 4602 2060 4666 conditam,

1270 4685 1446 4758 promtutiaus
1462 4687 1507 4743 lici
1524 4704 1577 4743 ιιοιι
1592 4690 1736 4745 ctumeuire
1749 4691 1896 4760 operibus,
1918 4692 1988 4762 quud
2007 4693 2064 4747 ruit

1271 4777 1328 4848 ejus
1343 4781 1485 4835 contenire
1497 4779 1613 4848 judiciis.

1307 4871 1374 4927 luc.
1394 4872 1511 4942 Apparet
1531 4882 1558 4927 te
1577 4887 1629 4926 uon
1652 4859 1799 4943 intelligere
1815 4874 1947 4944 quomodo
1963 4875 2063 4932 dictum

1272 4963 1316 5030 sit,
1332 4963 1401 5018 Deus
1416 4975 1520 5017 ntortent
1534 4980 1584 5017 non
1597 4963 1655 5032 iecit
1672 4966 1749 5037 (Sap.
1766 4982 1791 5031 t,
1811 4968 1958 5039 i3):eujus
1973 4976 2064 5024 tumen

390 5056 397 5064 '
413 5066 470 5110 ιιοιι
484 5055 629 5106 leonorutar
641 5055 770 5123 propterte
784 5051 823 5106 uei
832 5070 902 5106 atuor
913 5055 952 5106 eei
966 5054 1046 5118 lator,
1060 5055 1104 5108 scd
1117 5056 1218 5125 pericii·
1271 5054 1370 5125 Judicto
1380 5057 1424 5126 qul
1437 5064 1531 5125 peccat·
1542 5055 1664 5110 moritur.
1676 5056 1807 5113 Curarenit
1818 5075 1882 5130 ergo
1892 5059 1993 5130 judicio
2005 5060 2063 5129 ejus

414 5152 493 5201 tatur
507 5143 610 5213 pudor?
630 5141 698 5211 Quid
712 5145 776 5197 euim
792 5145 870 5215 potuit
889 5144 957 5198 lietu
977 5139 1068 5216 facee,
1084 5147 1152 5214 quod
1164 5147 1221 5215 ejus
1274 5155 1302 5200 ui
1316 5147 1444 5199 moriatur
1456 5155 1594 5216 peecatum
1618 5162 1668 5202 nec
1682 5157 1769 5205 tamma
1782 5150 1857 5221 operi
1870 5151 1927 5221 ejus
1941 5152 2067 5206 corruenit

418 5235 619 5302 medicatorem
640 5235 733 5307 pudeat
748 5235 849 5288 dicere?
864 5229 897 5288 Et
909 5235 977 5306 quod
990 5244 1026 5288 ert
1042 5237 1152 5305 pronius,
1172 5253 1220 5304 pu·
1275 5251 1357 5300 mors,
1370 5238 1431 5306 quta
1446 5234 1515 5292 Deus
1528 5249 1632 5293 urortem
1643 5255 1693 5293 non
1703 5239 1772 5307 iecit.
1784 5235 1848 5310 Ejus
1857 5242 1954 5311 qnippe
1963 5242 2065 5311 justum

419 5328 481 5384 tieat
496 5328 622 5381 homiuem
636 5328 745 5399 aiicujus
758 5328 849 5397 operis,
861 5329 930 5398 qarod
939 5344 989 5380 non
1002 5329 1086 5393 toruo,
1101 5327 1222 5384 sedlient
1275 5339 1316 5385 est
1336 5329 1483 5399 judicium,
1505 5341 1534 5384 ut
1556 5340 1664 5401 peceato
1679 5347 1728 5385 suo
1746 5331 1858 5402 quisque
1872 5346 1982 5403 pereat,
2004 5350 2065 5391 cum

425 5423 485 5491 iecit
499 5420 527 5473 in
543 5418 645 5473 itoutiue
657 5432 731 5485 ,tcum
746 5435 832 5473 oneres
847 5419 950 5489 opifices
961 5421 1102 5486 quantunr¹
1117 5428 1223 5490 potsunt
1275 5432 1412 5493 poccatttm
1432 5423 1502 5478 licus
1524 5439 1576 5477 uon
1597 5423 1675 5476 laniat
1688 5440 1694 5475 :
1706 5423 1776 5477 sicut
1791 5433 1903 5480 mortem
1918 5441 1970 5480 nou
1986 5424 2065 5490 lecit,

428 5508 515 5567 ialrare
526 5521 551 5565 et
565 5511 690 5565 traduttrio
703 5510 731 5563 id
745 5519 820 5581 aanrt
829 5526 881 5580 „ne
893 5511 924 5563 de
942 5510 994 5564 eutr
1008 5511 1124 5580 operibus
1138 5512 1224 5565 eruie-
1275 5522 1303 5568 et
1317 5521 1404 5568 tamen
1418 5528 1497 5582 quem
1513 5522 1598 5568 morte
1612 5511 1719 5582 dignum
1742 5522 1850 5578 censet,
1867 5515 1972 5570 occidit.
1987 5515 2065 5572 tium

430 5603 520 5659 uani?
534 5602 587 5658 Sed
599 5607 711 5675 profecto
721 5600 787 5655 iilud
797 5618 842 5656 nos
853 5602 937 5671 pudet,
949 5602 1016 5666 qnod
1025 5602 1114 5673 puduit
1129 5602 1224 5673 ririruoe

432 5693 487 5752 iilos
500 5695 632 5762 irontiuer,
651 5695 753 5766 quaudo
766 5693 884 5766 pudenda
898 5703 1011 5748 texerunt
1024 5696 1087 5748 :iliu
1102 5705 1137 5749 est
1150 5711 1224 5764 poeun

461 5812 469 5843 ¹
483 5817 570 5868 rorte,
581 5808 722 5860 nonomine.

459 5872 472 5906 ¹
489 5880 555 5927 uss..
567 5878 662 5933 qrtrrmo.
671 5869 781 5918 -tlber
791 5869 912 5921 sccundus
923 5871 1052 5934 terrarius
1070 5877 1096 5920 et
1111 5871 1226 5934 concupi·

435 5936 572 5987 scordam
590 5931 698 5989 daia—rt,
719 5944 774 5979 rtem
792 5944 872 5981 onrnes
898 5930 995 5995 opifices
1019 5939 1106 5996 quarata
1128 5942 1225 5995 posterni

435 5990 590 6049 latorescum
603 5993 647 6041 irae
666 6000 746 6041 tattrcu
766 6002 840 6041 uiua:
857 5996 987 6042 «notiores
998 6001 1061 6055 tiss,
1070 6007 1124 6043 cum
1145 6007 1226 6048 ornnes

435 6066 443 6098 t
456 6054 555 6118 opifices
563 6061 677 6116 qrmnttun
687 6059 783 6117 posent
794 6051 884 6103 arbore.
902 6070 913 6098 ι
949 6062 976 6103 tt.

553 6145 687 6208 l'snuot..
707 6148 798 6210 xtv.

1277 5607 1384 5678 legitur,
1398 5606 1467 5661 liene
1478 5616 1581 5660 mortem
1595 5623 1644 5659 non
1659 5606 1734 5676 lecim·
1747 5607 1854 5678 legitur,
1869 5607 1941 5661 ιιοιι
1954 5615 1977 5660 et
1992 5606 2067 5658 titan

1277 5697 1386 5752 lietuino
1401 5692 1455 5753 Deo
1468 5707 1504 5752 est
1517 5695 1610 5768 (Eceii.
1627 5713 1663 5759 tn,
1678 5697 1721 5765 ttt
1734 5716 1741 5752 ι
1753 5714 1812 5769 quae
1825 5699 1878 5753 duo
1890 5699 1959 5752 iuter
1970 5709 1999 5751 se
2014 5712 2067 5752 non

1277 5805 1337 5848 esse
1354 5789 1486 5846 contraria
1507 5788 1624 5860 proiecto
1645 5789 1732 5859 uidet,
1755 5788 1925 5861 quisquis'alr
1943 5786 2069 5857 operibus

1311 5954 1318 5983 ¹
1337 5952 1413 6010 fditi,
1431 5947 1551 6012 operibrts.
1563 5948 1647 5999 ttelius
1659 5955 1723 6008 tiss,
1735 5943 1881 6009 corporibus.

1310 6016 1320 6045 ¹
1339 6014 1475 6075 tianierius
1485 6012 1582 6070 ntttittit,
1594 6019 1626 6061 et.
1657 6020 1689 6062 tt.

1311 6077 1322 6107 ⁸
1337 6075 1374 6124 siu
1384 6084 1433 6123 uss.
1448 6081 1472 6122 tn
1484 6076 1562 6136 tigri„
1572 6072 1723 6122 urinanritnu.

1621 6146 1922 6232 (occurerrit-trois.)
