4900 6892
404 695 472 752 tatia

403 825 478 878 super
491 807 572 876 ipsum
590 803 645 855 crit.
661 799 694 855 tn
708 799 807 869 iniquos
820 799 841 853 si
855 807 981 851 corrocrtot
994 813 1020 852 oe
1034 796 1065 851 ob
1078 793 1192 851 carnibus

403 897 575 970 iniquitatibus
588 894 640 949 artis
650 910 712 962 piros
722 892 791 961 [ecit.
804 900 826 943 et
839 888 962 944 crntodiot
977 887 1062 942 omnio
1073 886 1194 940 munidato

405 1009 475 1054 nitro,
498 998 520 1041 et
539 986 617 1057 sociat
625 985 751 1056 judicium
764 993 786 1035 et
796 981 921 1052 justitium
940 990 963 1033 et
979 978 1175 1037 irrisericordiom
1184 992 1194 1040 ,·

406 1085 453 1138 rito
468 1081 540 1144 rivet,
556 1087 577 1133 ct
591 1094 640 1131 noa
652 1075 790 1131 irrorietnr:
805 1073 888 1127 stornio
899 1072 991 1125 delicto
1003 1073 1057 1141 ejus
1071 1085 1195 1140 primoum-

405 1190 452 1239 eue
464 1173 540 1243 prii,
561 1187 611 1223 nou
626 1178 697 1222 erurrt
711 1167 736 1220 in
758 1166 894 1229 rrrernorio,·
909 1164 934 1217 in
946 1180 993 1217 atto
1006 1164 1108 1231 justitio
1119 1177 1195 1232 quoin

406 1266 472 1333 sicit,
485 1264 534 1316 rito
547 1263 618 1315 ciaet.
634 1259 764 1329 rl'ronpuid
775 1258 899 1312 colurnam
911 1256 965 1309 eolo
975 1266 1079 1309 traortcm
1090 1255 1195 1325 irrjnsti,

406 1355 464 1407 dicit
484 1351 583 1406 ulderici
604 1349 745 1414 Dominus,
765 1351 859 1419 qnorrr¹
877 1357 903 1400 ut
920 1355 1015 1400 oocrtot
1031 1361 1083 1398 sco
1096 1346 1134 1398 cio
1149 1359 1197 1397 suo

407 1444 490 1510 siruella,
505 1453 527 1497 et
546 1442 631 1494 oioot?
644 1439 706 1494 Cum
726 1456 751 1493 se
770 1449 854 1493 auteur
868 1438 1013 1496 corruerunt
1024 1438 1110 1507 justus
1122 1453 1138 1487 o
1150 1453 1197 1490 suo

404 1536 512 1608 psiathio,
525 1543 547 1587 et
559 1532 646 1603 fecerit
659 1531 800 1601 iniquitates
810 1531 946 1584 sectrrulunt
958 1547 1044 1585 ontrrcs
1054 1529 1197 1599 inuptitotes

406 1642 466 1686 raros
479 1625 536 1694 serit
549 1623 662 1692 irripiens,
682 1625 703 1676 si
716 1623 820 1694 fecerit,
838 1638 886 1673 iton
900 1622 982 1674 nicet:
998 1620 1198 1691 ourriesjnstitim

407 1716 459 1783 eiras
473 1731 534 1783 quos
553 1714 626 1785 scuit,
649 1729 698 1765 nen
713 1722 783 1764 ιιιιιιι
798 1712 822 1764 in
839 1712 959 1764 numitorio
968 1726 977 1773 ;
993 1712 1018 1762 in
1038 1711 1127 1764 delicto
1143 1710 1198 1778 einis

407 1824 454 1876 prro
468 1806 572 1862 excidit.
588 1815 611 1857 et
627 1805 651 1857 iu
671 1804 778 1874 peroratio
791 1791 843 1856 stris
856 1803 944 1871 picibus
959 1802 1083 1872 peruncti,
1098 1802 1122 1855 iu
1136 1802 1197 1869 ipsis

409 1899 535 1953 irretietur.
555 1895 588 1952 Et
608 1895 726 1949 dicistis:
742 1893 801 1947 Nou
817 1893 902 1961 diripit
921 1894 960 1946 oio
975 1891 1087 1946 llonriui.
1107 1892 1198 1944 ilrtdite

409 2004 486 2050 rinae,
503 1987 593 2039 doricus
615 1984 707 2038 lsrael.
733 1984 865 2053 Nurnpnitl
884 1984 924 2036 rio
945 1999 999 2037 nico
1020 2000 1070 2036 nort
1092 1981 1198 2052 diripit?

411 2076 484 2131 Nunc
499 2078 538 2130 virt
553 2089 634 2129 resno
654 2092 703 2128 nort
718 2083 753 2127 cst
768 2091 850 2144 orprro.
867 2070 930 2128 Cum
946 2074 1065 2126 corruenti!
1077 2089 1103 2125 se
1114 2073 1198 2139 prestus

410 2187 481 2223 aruo
489 2170 606 2240 iristitio,
624 2179 646 2221 et
660 2168 721 2236 [orit
736 2167 873 2230 delictnm;
889 2166 1010 2220 ororietnr
1022 2167 1048 2219 in
1064 2182 1092 2218 eo
1106 2165 1197 2218 delicto

409 2243 472 2326 ipuod
488 2262 556 2330 lecit,
566 2260 591 2312 in
605 2259 659 2327 ipso
675 2258 805 2311 trierietur.
818 2256 850 2310 Ei
864 2273 922 2309 curn
934 2257 1048 2308 onustati
1059 2272 1085 2309 se
1099 2255 1198 2324 irrirpnts

410 2351 436 2404 ni
451 2352 636 2420 inirpritotesuo
647 2365 722 2420 quoin
736 2349 804 2419 fecit,
819 2347 1111 2418 cismontanorum
1121 2346 1200 2415 justi-

409 2444 487 2498 tium:
503 2445 543 2496 liic
555 2443 666 2495 oninrmn
676 2457 748 2495 suom
761 2439 903 2505 custodiuit,
919 2448 943 2492 et
956 2439 1024 2502 aicit,
1040 2446 1067 2490 ut
1080 2446 1199 2490 auerteret

407 2552 432 2589 sc
446 2535 477 2588 oi
490 2533 605 2587 ortantibus
622 2530 794 2603 iniquitatibus
808 2531 878 2596 suis,
893 2546 955 2599 quos
971 2529 1043 2600 fecit,
1057 2529 1108 2581 cito
1120 2529 1197 2592 uiaret,

406 2638 429 2680 et
452 2645 501 2680 non
516 2626 644 2679 risorietur.
669 2624 701 2677 Ει
716 2623 776 2697 dicit
795 2622 885 2675 domus
904 2619 1008 2675 lsrael:
1025 2618 1085 2674 Nou
1098 2620 1199 2690 corripit

407 2719 446 2770 rio
471 2715 583 2768 Dorrriai.
610 2713 740 2784 llhoupuid
758 2713 798 2765 uio
817 2728 873 2766 meo
895 2728 946 2765 non
970 2711 1088 2781 corripit,
1110 2711 1199 2764 domus

410 2805 511 2859 lsrael?
534 2804 627 2858 Nerine
651 2805 730 2874 irrupta
751 2804 791 2856 nio
813 2811 894 2856 nestro
915 2818 965 2857 nou
989 2801 1113 2871 corripit?
1136 2800 1199 2855 loire

409 2910 605 2964 nrirrnrqnenrqnc
613 2893 863 2947 oestrrnnsccnudom
873 2892 925 2945 oios
933 2890 1135 2961 ipsinsjndicobo
1143 2906 1197 2957 nos,

411 2984 594 3048 rlonruslsroel,
606 2982 666 3036 dicit
675 2982 775 3035 Adonai
786 2978 907 3034 Dominus
916 2978 1022 3051 (Erech.
1030 2980 1127 3042 xvrtt,l
1141 2980 1197 3050 50).

443 3078 508 3132 hnc.
531 3075 594 3130 ttae
617 3091 664 3145 pcr
687 3060 856 3129 Ezechielem
878 3070 1034 3142 prophetam
1058 3072 1199 3140 promissio

411 3177 447 3222 cst
461 3168 520 3221 noni
540 3167 719 3231 Testamenti,
742 3180 820 3234 quiam
836 3174 888 3217 ιιοιι
904 3162 1044 3232 intelligis.
1068 3162 1113 3218 uhi
1130 3162 1199 3218 Dens

411 3267 576 3330 regeneratos
591 3247 765 3328 a'generatis,
781 3255 802 3309 si
814 3255 868 3325 jam
882 3254 908 3307 in
922 3252 1066 3322 majoribus
1078 3251 1199 3306 aetatibus

411 3360 482 3416 sum,
504 3349 647 3405 secundum
666 3351 770 3418 propria
791 3346 859 3402 laeta
883 3345 1020 3401 discernit.
1047 3345 1084 3400 lle
1105 3344 1200 3414 quillus

412 3442 478 3495 enim
492 3441 596 3504 dicitur,
613 3440 704 3492 rlnirno
721 3438 799 3507 putris
812 3452 866 3489 arico
881 3445 927 3501 est,
942 3445 964 3489 ct
980 3435 1066 3488 ouinto
1082 3434 1130 3503 put
1146 3451 1200 3488 areo

411 3541 461 3600 ost;
481 3531 623 3602 separatim
637 3530 727 3599 procul
749 3528 829 3583 tluhio
844 3542 906 3583 suas
921 3527 989 3581 vitas
1000 3534 1091 3596 agitat.
1107 3526 1135 3582 Si
1150 3541 1200 3580 au·

413 3633 461 3678 tem
475 3621 545 3676 lilius
557 3621 644 3698 ndlnrc
658 3628 729 3673 essct
743 3620 768 3671 in
783 3617 879 3671 lumbis
893 3617 1038 3686 patrissui,
1052 3616 1121 3670 sicut
1133 3616 1200 3671 scel·

413 3723 483 3784 ptum
506 3722 547 3767 est
572 3711 605 3766 de
629 3710 709 3776 Leni,
732 3708 802 3779 qrrod
827 3708 853 3762 in
878 3707 973 3764 lurnbis
999 3706 1046 3761 init
1069 3707 1199 3772 llhralne,

414 3804 515 3875 qmndo
526 3803 673 3859 decimatus
682 3811 722 3856 est
734 3816 748 3854 a
758 3798 951 3855 Melchisedech
963 3797 1096 3852 Abraham
1108 3795 1199 3867 (llelr.

414 3897 457 3963 ru,
472 3896 500 3964 9,
513 3895 572 3965 ld);
593 3910 646 3949 non
662 3901 750 3962 posset
765 3901 828 3947 tunc
847 3892 916 3958 dici,
939 3891 1030 3944 Animo
1049 3891 1127 3961 putris
1146 3906 1201 3943 uteo

413 3996 464 4052 ost,
480 3996 503 4040 et
515 3986 602 4040 ouium
615 3986 663 4054 filii
675 4001 730 4037 areo
748 3993 798 4049 eat,
820 3982 926 4053 quando
945 3999 996 4037 utra
1011 3982 1101 4052 utiqrte
1114 3982 1201 4036 aninra

413 4089 475 4133 erat.
492 4078 588 4133 velans
602 4088 689 4132 autem
703 4075 836 4145 Propheta
852 4073 1007 4146 mysterium
1021 4087 1070 4128 suo
1084 4081 1203 4143 tempore

413 4169 598 4236 revelandum,
623 4167 853 4239 regenerationem
880 4182 933 4221 non
962 4165 1127 4230 nominarit,
1156 4180 1204 4235 per

407 4278 489 4333 *piram
502 4262 613 4334 qrricque
626 4260 696 4315 lilius
708 4258 823 4313 hominis
836 4273 869 4312 ex
884 4255 968 4312 Adam
975 4257 1074 4311 transit
1083 4255 1116 4311 ad
1127 4254 1203 4311 Clrri·

414 4363 480 4409 strrm
495 4372 501 4408 :
518 4353 565 4409 sed
581 4351 650 4422 tpuod
667 4366 719 4406 non
735 4350 802 4404 dixit
822 4349 867 4403 illo
882 4357 1019 4419 teumore,
1035 4348 1145 4420 intelligi
1158 4363 1205 4403 ro·

415 4446 462 4500 luit
475 4446 527 4500 isto
541 4454 669 4514 tempore,
687 4457 738 4511 quo
752 4440 836 4496 iuerat
849 4440 881 4495 ad
893 4439 1028 4496 Christum
1043 4439 1203 4495 transeunti·

416 4536 462 4592 lnrs
475 4534 650 4590 airlerendnm
665 4533 796 4588 uelamen.
812 4529 876 4585 Nam
892 4530 1017 4600 quoniam
1032 4530 1164 4599 protherio
1179 4537 1205 4585 te

414 4643 473 4682 esse
487 4627 672 4690 christianum,
688 4623 809 4693 quamvis
820 4621 946 4676 ostendas
958 4620 1142 4679 antichristum
1154 4661 1161 4684 ‚
1175 4620 1203 4675 id

415 4719 519 4774 cllrccte
533 4717 645 4770 rirrrliens
654 4727 681 4769 nt
691 4713 813 4769 Christus
824 4713 906 4783 gratis
917 4721 1039 4767 mertuos
1048 4710 1100 4775 sit;
1114 4727 1205 4781 quaero

414 4830 427 4864 a
440 4821 476 4875 te,
492 4809 617 4869 ntrumsi
631 4808 710 4862 lromo
725 4805 804 4860 iaciat
816 4819 897 4874 opera
913 4804 957 4858 illa
971 4813 1066 4858 cuncta
1076 4802 1204 4873 iris-titire,

409 4917 471 4972 oiim
481 4899 611 4970 propheta
622 4897 744 4953 Ezechiel
755 4896 832 4950 toties
844 4893 990 4963 repetenda
1000 4903 1204 4959 consummarat,

413 4995 494 5048 etiam
513 5006 565 5045 non
581 4996 770 5061 regeneratus,
793 4985 845 5039 riui
860 4985 939 5038 uiuat.
955 4983 982 5038 Si
998 4984 1065 5038 dieis
1078 4999 1139 5039 eum
1154 4985 1205 5040 rita

416 5082 514 5143 rivere,
529 5078 687 5134 contradicit
699 5077 821 5132 Christus
834 5075 1001 5139 antichristo,
1017 5084 1044 5130 et
1058 5076 1130 5140 dicit,
1148 5074 1207 5131 ll'isi

414 5172 626 5248 roronducoocra'tis
647 5186 749 5226 curnem
768 5185 863 5232 nicorio,
883 5178 907 5221 et
926 5168 1035 5223 hilteritis
1059 5169 1206 5239 coinquinent

414 5281 513 5328 rireorn,
530 5279 580 5316 noa
598 5261 718 5314 lmielitis
737 5260 812 5313 oitonr
828 5261 852 5312 in
874 5259 942 5312 eolis
963 5257 1057 5327 (loon.
1078 5242 1206 5327 visati:

414 5369 494 5423 rpurm
508 5353 596 5407 cibum
608 5361 635 5408 et
646 5359 736 5421 potnrn
750 5349 783 5404 ed
798 5357 969 5418 regeneratos
984 5348 1126 5417 pertinere,
1143 5348 1208 5404 retis

415 5444 494 5508 stolis,
510 5441 613 5511 cogeris
625 5439 757 5496 cotrhteri.
773 5438 801 5494 Si
815 5448 903 5492 autem
921 5445 993 5490 tanta
1007 5437 1077 5492 mole
1094 5439 1208 5492 auctori·

415 5535 478 5589 tatis
491 5534 606 5588 ohtritus
618 5534 640 5600 ⁸,
656 5529 827 5601 responderis
839 5544 900 5583 eum
919 5527 964 5599 qui
978 5528 1066 5584 onrrria
1081 5527 1124 5582 illa
1139 5528 1207 5584 hona

416 5626 526 5688 lecerit,
541 5624 564 5677 si
583 5639 636 5678 nen
659 5621 738 5676 luerit
752 5629 940 5690 regeneratus,
961 5619 1012 5671 nita
1029 5634 1081 5673 iton
1099 5618 1206 5675 virere:

417 5714 549 5783 rurspronde
561 5729 620 5785 ipre
641 5728 719 5768 cansa
733 5713 785 5778 sit;
800 5726 827 5765 c·
841 5711 900 5764 ridc
912 5709 1081 5781 perterritant
1095 5724 1206 5778 regene-

417 5811 565 5875 rationem,
593 5823 645 5862 non
667 5806 806 5862 imitationi
829 5805 1021 5868 immorimur,
1045 5802 1070 5856 in
1091 5819 1123 5855 co
1138 5803 1207 5873 qrrod

417 5962 505 6013 elrielis
519 5961 687 6015 sitlrstituerat,
699 5972 753 6021 epm
766 5964 803 6025 est
817 5955 943 6026 hildierum
961 5957 1079 6025 sermonis
1094 5957 1210 6021 tolgane,

417 6023 520 6079 scilicet,
532 6029 554 6072 rt
568 6029 635 6085 puer
646 6034 692 6069 turn
704 6017 806 6081 portolnt
818 6021 964 6079 ririqtutotent
976 6017 1029 6079 lilii,
1039 6026 1085 6067 ete.

451 6086 459 6114 ¹
474 6083 633 6133 rcmsmder
645 6089 719 6139 nort„
733 6087 856 6143 montereau.

451 6146 462 6177 ¹
473 6141 612 6205 limitamus
623 6149 649 6193 et
659 6149 712 6191 ttss.
722 6149 776 6190 alar.
787 6140 858 6200 clar,
869 6137 1001 6190 obstrictus.
1019 6147 1091 6204 cort,
1100 6140 1208 6193 oder-ltus.

1086 683 1186 740 tinuit
1205 680 1361 741 TEllTlllS.

1970 695 2039 752 stili

1250 794 1396 866 Apostolus
1416 799 1502 857 idam
1519 817 1552 857 er
1574 811 1648 872 parte
1666 805 1785 871 precati,
1806 815 1834 860 ct
1853 803 1989 861 Christum
2007 826 2038 861 ex

1250 897 1324 958 parte
1334 889 1444 961 justitie
1455 896 1588 962 proponit,
1602 897 1709 965 opponi.
1726 897 1880 953 Erideatins
1890 911 1978 953 alitem
1994 901 2039 954 tihi

1249 982 1387 1038 ostendam
1400 985 1432 1039 ad
1447 1001 1545 1042 uorum
1560 989 1760 1045 Testamentum
1781 992 1930 1060 pertinere,
1947 993 1972 1046 in
1988 1008 2040 1062 qrro

1251 1084 1468 1144 regeneratorum
1483 1078 1626 1135 haereditas
1641 1091 1679 1137 est
1692 1124 1699 1146 ,
1714 1083 1785 1152 qirorl
1799 1084 1964 1139 Ezechielem
1978 1101 2041 1152 prm

1251 1166 1357 1234 phetam
1371 1169 1471 1225 dixisse
1481 1185 1695 1227 commemoras:
1713 1188 1764 1228 rien
1778 1175 1885 1243 quidem
1898 1190 1979 1239 nrrnc,
1994 1177 2041 1228 nd

1250 1272 1311 1311 cum
1328 1258 1429 1314 dixeris
1448 1263 1551 1324 munia,
1567 1265 1672 1332 quade
1685 1264 1751 1333 ipsis
1765 1267 1853 1320 serbis
1867 1266 1925 1336 rjus
1938 1276 1990 1320 ture
2003 1268 2042 1320 lo-

1248 1347 1389 1415 quacitatis
1402 1365 1477 1405 more
1491 1351 1608 1406 dicturus
1621 1368 1661 1408 es.

1287 1435 1407 1491 llllxlx.
1423 1436 1483 1494 Jcc.
1505 1438 1649 1497 videturne
1671 1451 1790 1498 assertor
1813 1443 1950 1513 locupules
1973 1446 2042 1515 jardi

1250 1525 1351 1580 ciorum
1366 1527 1373 1558 ¹
1389 1543 1498 1583 sitorum
1516 1531 1602 1594 Dens,
1619 1533 1664 1601 qrri
1677 1541 1732 1588 tam
1746 1534 1836 1590 multis
1856 1536 1988 1604 capitibus
2008 1538 2044 1593 de

1253 1617 1301 1671 hac
1316 1620 1464 1686 estimatione
1479 1637 1532 1676 nen
1547 1624 1632 1679 solum
1643 1624 1782 1694 indicarit,
1796 1630 1843 1681 sed
1855 1630 1936 1682 etiam
1950 1629 2042 1699 ‹lispu-

1253 1709 1334 1761 taritl
1350 1709 1430 1764 Plarre
1443 1712 1487 1780 oni
1501 1722 1649 1783 temporum
1662 1727 1812 1772 nostrorum
1825 1719 1983 1788 praesideret
2000 1737 2044 1774 cr·-

1250 1814 1344 1865 rores,
1360 1809 1432 1856 tanta
1449 1803 1589 1859 uerborum
1611 1821 1719 1860 senonim
1735 1809 1776 1861 rel
1797 1810 1872 1872 hice,
1892 1810 1933 1864 rel
1948 1812 2042 1877 copia,

1251 1887 1304 1940 duo
1318 1899 1358 1942 est
1370 1890 1442 1958 juste
1462 1902 1589 1961 operatus
1603 1905 1630 1949 et
1649 1897 1758 1965 procide
1772 1899 1802 1950 ¹:
1818 1913 1918 1964 unuin,
1935 1914 1969 1954 ne
1983 1901 2043 1969 ortis

1251 1980 1304 2034 ulla
1327 1983 1503 2050 qtrmstienum
1524 1985 1697 2054 anrbiguitate
1720 1998 1889 2052 nieveretnr;
1910 1989 1993 2054 alind,
2009 2005 2043 2044 ne

1251 2071 1319 2139 apud
1335 2087 1382 2126 eos
1401 2089 1446 2142 spu
1462 2089 1491 2130 se
1507 2075 1701 2131 immersissent
1714 2087 1810 2146 sponte
1824 2081 1982 2150 nrrutragiis,
1996 2095 2044 2135 ex·

1250 2165 1395 2218 cessationis
1409 2165 1495 2220 tabula
1507 2167 1558 2220 ulla
1570 2180 1731 2224 remaneret.
1744 2171 1873 2240 Inspicitur
1882 2172 1915 2225 ad
1925 2171 2042 2238 ludaeos,

1250 2255 1295 2323 qni
1307 2258 1488 2325 captiuitatem
1504 2260 1651 2315 sceleribus
1662 2263 1815 2331 exigentes,
1829 2263 1862 2317 ad
1874 2264 2043 2319 relevandam

1253 2346 1367 2413 propriae
1383 2348 1610 2414 praevaricationis
1630 2350 1776 2417 insidiam,
1798 2354 1968 2421 parentibus,
1992 2370 2044 2409 non

1253 2435 1372 2489 traiicihus
1386 2437 1456 2501 siris,
1472 2437 1589 2492 debitam
1603 2454 1661 2493 enm
1678 2439 1760 2495 luisse
1772 2442 1926 2509 jactabant:
1941 2450 1970 2498 et
1983 2460 2046 2500 con·

1252 2525 1382 2581 renitens
1392 2528 1549 2582 anrrtoritate
1561 2529 1655 2598 patria.
1669 2529 1765 2599 thnid
1775 2531 1854 2597 uelis,
1867 2534 1959 2602 inqrrit,
1973 2535 2046 2589 istoru

1253 2615 1415 2684 parobolam,
1436 2627 1463 2670 ut
1486 2619 1594 2684 ductis,
1621 2618 1742 2674 Parentes
1757 2624 1970 2677 arunducot·eroat
1987 2639 2046 2679 noos

1252 2706 1397 2773 uenisset
1409 2708 1522 2775 filiorum
1536 2710 1624 2763 dentes
1637 2711 1842 2783 obstupuerunt?
1861 2713 1922 2768 Viuo
1935 2731 1991 2785 epo,
2005 2716 2046 2770 or·-

1252 2797 1285 2850 cr‘t
1296 2798 1395 2850 Adonai
1407 2797 1541 2865 doctrinas,
1555 2802 1578 2855 si
1589 2802 1689 2856 dicatam
1701 2804 1812 2870 orrtplins
1825 2805 1946 2874 pusciola
1957 2808 2011 2861 lum
2020 2808 2048 2861 in

1252 2884 1336 2942 larocl
1347 2904 1357 2942 .·
1368 2891 1486 2959 quonium
1501 2907 1587 2946 omnes
1607 2894 1700 2947 oniaco
1713 2910 1775 2949 mooe
1789 2910 1864 2961 suut,·
1881 2899 2047 2968 poerrrodmo·

1251 2980 1314 3033 duro
1326 2981 1411 3035 auiam
1429 2984 1519 3051 putris,
1534 2987 1570 3037 ito
1584 2985 1670 3038 onirno
1689 2987 1752 3053 filii,
1775 3003 1861 3044 omnes
1880 2991 1973 3045 orrimoe
1985 3008 2047 3047 area

1251 3081 1320 3126 sunt.
1336 3073 1428 3126 Animo
1441 3090 1498 3143 pao
1513 3085 1609 3144 peccat,
1624 3076 1682 3147 ipso
1696 3078 1825 3134 morietur.

1288 3162 1356 3218 Ano.
1371 3164 1438 3218 Cum
1450 3164 1498 3232 ait,
1521 3165 1551 3220 Si
1567 3166 1667 3220 director
1685 3167 1795 3238 omplirn
1814 3170 1935 3238 pseudolo
1955 3172 2009 3225 lroc
2021 3173 2048 3226 in

1253 3249 1352 3316 darach·
1374 3254 1491 3309 ostendit
1513 3256 1601 3312 solere
1624 3257 1695 3321 dici,
1722 3257 1813 3314 Patres
1834 3261 2046 3316 moaduoooernin

1253 3357 1326 3396 ιιιιιιιιι
1339 3344 1472 3410 oceriont,
1495 3357 1519 3398 et
1532 3346 1619 3399 mutes
1642 3348 1754 3414 {iliorum
1777 3350 1970 3420 obstupuerunt.
1993 3351 2048 3407 Nec

1254 3434 1340 3502 arguit
1358 3436 1419 3503 qnia
1437 3434 1585 3503 dicebatur,
1606 3437 1654 3490 sed
1672 3439 1804 3506 mearunt
1822 3441 1888 3494 uhi'
1902 3456 1955 3495 uon
1970 3442 2046 3497 dica·

1255 3531 1308 3579 tur.
1330 3522 1406 3579 Unde
1425 3534 1515 3580 autem
1536 3525 1588 3580 hoc
1605 3526 1740 3593 dicebant,
1764 3530 1814 3584 nisi
1838 3531 1915 3598 quia,
1932 3532 2048 3587 neudum

1254 3621 1359 3683 peccato
1377 3623 1479 3681 potuim
1499 3615 1526 3668 iu
1546 3616 1614 3684 filios
1632 3614 1726 3686 illuit.
1743 3633 1770 3683 v,
1789 3617 1833 3688 a),
1850 3619 1934 3674 neum
1948 3620 2049 3677 dixisse

1253 3702 1392 3758 mussan
1803 3693 1813 3707 “

1290 3791 1347 3850 XL.
1364 3794 1421 3850 loc.
1433 3795 1473 3850 Ad
1485 3797 1687 3867 exemplandam
1697 3808 1726 3853 et
1737 3798 1947 3855 conducendam
1956 3801 2048 3872 judicii

1254 3883 1296 3939 sui
1310 3884 1461 3955 aquintum
1472 3886 1623 3955 iuramento
1636 3888 1706 3943 Deus
1718 3889 1811 3957 utitur,
1824 3894 2048 3949 etauctoritatem

1253 3976 1390 4032 cotrsntoti
1405 3976 1583 4034 eumanum
1595 3980 1723 4035 cornulas.
1744 3981 1878 4038 intellexit
1900 3983 1952 4038 hoc
1966 3998 2049 4052 genos

1255 4064 1381 4134 loquendi
1395 4067 1557 4138 Apostolus,
1576 4071 1622 4140 qui
1643 4071 1677 4125 acl
1695 4072 1828 4130 ttcbraes
1845 4074 1881 4128 ita
1898 4073 2049 4129 disseruit:

1261 4154 1371 4224 Voleus,
1397 4159 1499 4228 iurauit,
1525 4161 1595 4215 Drus
1618 4163 1750 4218 ostendas
1773 4164 1947 4233 prondssioais
1971 4167 2049 4219 licere·

1256 4246 1331 4300 dioro
1344 4247 1542 4303 immobilitatem
1563 4251 1663 4304 consilii
1681 4253 1737 4316 soi,
1751 4253 1901 4322 interposuit
1915 4255 2051 4324 jusjuran-

1257 4337 1333 4402 rhou,
1352 4347 1380 4392 ιιι
1393 4355 1438 4409 per
1450 4339 1514 4394 dnos
1525 4356 1565 4396 res
1578 4340 1732 4405 immobiles,
1745 4343 1836 4411 quidm
1846 4344 2003 4414 impossihile
2015 4357 2051 4399 est

1258 4428 1359 4482 nteruiri
1373 4428 1473 4494 deoru,
1494 4431 1659 4501 [consumam
1671 4432 1789 4487 solutioni
1804 4431 1941 4488 lroieomus
1953 4433 2049 4504 (liele.

1249 4535 1294 4584 Ιιι,
1310 4519 1352 4583 li,
1368 4519 1425 4581 tut.

1293 4614 1361 4668 hcc.
1378 4610 1413 4668 Et
1424 4612 1459 4668 ihi
1472 4628 1572 4668 norun
1587 4613 1787 4672 Testamentum
1800 4617 2014 4686 promittelntur.

1294 4700 1360 4755 llll.
1374 4701 1432 4757 lou.
1451 4703 1558 4758 lluohns
1569 4719 1632 4773 crgo
1645 4704 1687 4759 his
1697 4706 1801 4761 ostendi
1814 4706 1888 4772 dicit,
1904 4707 1985 4763 Deum
2000 4724 2051 4763 uon

1260 4807 1339 4863 posse
1353 4793 1479 4860 mentiri,
1493 4793 1545 4848 hoe
1560 4795 1617 4863 ipso
1629 4795 1689 4865 qrria
1704 4797 1840 4865 promisit,
1854 4809 1933 4868 atque
1947 4799 2053 4871 idquod

1260 4885 1382 4954 promisit
1395 4886 1455 4956 quia
1469 4901 1498 4940 sc
1510 4894 1622 4940 testatm
1632 4886 1741 4956 implere
1755 4904 1825 4943 :nou
1838 4890 1907 4961 mund
1919 4892 2054 4948 heussine

1260 4980 1431 5035 attestatione
1448 4979 1495 5035 att
1512 4979 1677 5035 milecillnm
1691 4987 1771 5051 aurire
1782 4981 1890 5038 dubium
1905 4984 1990 5039 soleat
2003 4983 2053 5040 ha-

1260 5071 1324 5126 here
1343 5083 1513 5133 sermenem
1536 5070 1582 5126 sed
1604 5080 1634 5126 ut
1650 5072 1785 5128 cerinum
1800 5088 1875 5128 suam
1888 5072 2053 5129 documentis

1260 5161 1405 5233 grandibus
1417 5171 1549 5228 oneraret,
1563 5179 1596 5219 co
1608 5180 1706 5234 genere
1720 5165 1860 5220 locutionis
1872 5163 1883 5197 ⁸
1895 5167 1993 5222 abusus
2002 5177 2054 5234 est,

1260 5252 1331 5323 qnod
1345 5253 1496 5308 hominihus
1509 5253 1590 5309 miani
1606 5254 1699 5311 lallere
1711 5256 1798 5311 solitis
1811 5257 1883 5312 credi
1899 5259 1987 5313 iaciat.
2000 5259 2056 5314 lloc

1256 5359 1326 5413 crgo
1340 5343 1494 5413 penderein
1503 5348 1631 5415 ¹prasenti
1646 5362 1839 5418 ortoqueeansa
1849 5350 1976 5407 admonet
1987 5352 2055 5406 Deris

1261 5445 1343 5505 sturio
1365 5436 1532 5505 prescribit,
1555 5447 1582 5492 et
1600 5438 1731 5495 cluullas
1750 5440 1801 5496 hoe
1815 5443 1885 5511 quod
1898 5443 2055 5498 Traduciani

1233 5550 1248 5571 ·
1261 5536 1404 5592 asserunt,
1423 5527 1458 5584 ‹le
1475 5529 1576 5600 poputo
1588 5530 1757 5600 suspicetur,
1773 5533 1897 5588 etheum
1911 5551 1963 5589 non
1978 5548 2057 5603 posse

1258 5634 1296 5674 co
1313 5634 1393 5689 qrrem
1410 5619 1557 5676 detestator
1570 5623 1654 5678 modo
1665 5622 1802 5692 judicare,
1815 5635 1956 5696 emitescit
1970 5642 1977 5677 ε
1998 5624 2057 5679 Viro

1265 5725 1324 5779 ipo,
1340 5710 1400 5763 utctt
1413 5711 1512 5766 Adonai
1525 5713 1662 5781 Dorrtiuns,
1674 5716 1696 5769 si
1710 5718 1818 5786 orrrplius
1830 5716 1926 5770 dicetur
1937 5716 2058 5784 porirholo

1265 5816 1319 5855 aas
1332 5800 1357 5854 in
1371 5799 1464 5856 lsrael.

1298 5966 1304 5988 ¹
1319 5963 1416 6012 necros,
1427 5953 1579 6016 ¹laodiciorum
1593 5970 1601 6006 .’
1613 5960 1750 6007 restituitur
1763 5970 1792 6006 ex
1804 5958 1980 6020 rnauuscriplis.

1297 6020 1413 6064 ’sicttss
1435 6017 1492 6065 edin
1503 6028 1595 6079 autent,
1611 6018 1720 6081 mocidit.

1297 6081 1307 6111 ³
1319 6079 1429 6136 erlithut.
1441 6084 1505 6137 etse,
1516 6078 1563 6128 ethi.

1299 6140 1308 6169 ι
1326 6146 1350 6188 ta
1362 6146 1426 6201 uss,
1437 6140 1581 6193 emortuus
