4900 6892
407 673 474 730 tait

405 787 478 846 nulia
497 790 532 845 sit
545 787 615 861 apud
638 786 721 840 [lcum
737 784 862 855 iniqnitas
876 783 908 854 lli
926 784 985 837 Par.
1003 799 1046 838 ιιι
1061 826 1067 850 ,
1083 783 1129 850 t),
1150 797 1199 835 no·

406 861 471 915 mini
484 861 561 916 liceat
573 859 715 928 ignoratn
731 871 781 912 nee
801 857 852 909 alia
874 856 976 924 gratia,
997 852 1107 907 aetalia
1128 852 1198 917 lide,

405 945 564 1000 quemquam
578 929 726 991 bominum,
737 928 793 982 sire
805 935 866 980 ante
880 929 975 994 legem,
986 925 1041 976 sire
1056 922 1123 991 legis
1133 933 1200 974 tem·

406 1015 488 1070 piare,
500 1000 673 1069 justificatum
693 1011 754 1053 esse
776 995 938 1051 credendum
964 994 1016 1058 sit,
1043 1007 1122 1061 quam
1150 991 1200 1045 bae

406 1070 517 1132 eadem,
540 1083 587 1139 per
600 1084 680 1151 quam
694 1067 820 1122 Dominus
833 1063 1010 1120 nosteriestts
1022 1060 1144 1116 Gtrrtsros
1157 1072 1200 1115 se-

407 1139 520 1194 cundnm
544 1138 682 1194 eonsilium
698 1137 841 1191 voluntatis
855 1150 920 1196 sure,
935 1134 960 1187 in
976 1131 1199 1187 incruentorum

405 1209 477 1263 verrit
494 1223 615 1278 quaerere
632 1216 660 1262 et
673 1207 778 1262 salvare
789 1205 859 1274 qnod
870 1204 993 1273 perierat.
1014 1200 1114 1257 erosas
1136 1215 1201 1254 vero

397 1292 516 1348 operum
530 1288 557 1332 et
569 1277 727 1345 indiciorum
737 1276 793 1339 Dei,
804 1275 953 1344 quiestote
966 1272 1000 1325 ad
1014 1271 1143 1324 bumanas
1150 1287 1199 1325 ιο·

406 1349 520 1402 larrtates
533 1356 560 1402 et
571 1348 690 1402 actiones
705 1344 797 1410 reiort,
808 1358 874 1413 quas
885 1353 972 1397 tamen
988 1343 1013 1396 in
1030 1341 1199 1410 parvulorum

405 1416 566 1486 adoptione,
580 1426 622 1470 aut
637 1415 804 1470 abdicatione
818 1429 871 1467 nou
887 1412 1005 1476 invenit,
1020 1410 1198 1478 etdispensa-

405 1487 493 1542 tiones
505 1487 552 1542 bet
564 1501 598 1540 ex
614 1485 690 1540 liberi
708 1483 809 1539 arbitrii
823 1484 879 1537 vnit
893 1482 1068 1536 mutabilitate
1082 1480 1198 1547 variari,

406 1556 546 1625 prrrlltetur
564 1556 615 1611 sibi
629 1555 781 1610 scrutabilia
805 1553 899 1617 indicia
920 1552 968 1606 liei
990 1559 1017 1604 et
1031 1550 1199 1620 vestigabiles

405 1627 463 1680 rias
482 1628 557 1693 eiusq
571 1635 598 1678 et
611 1624 681 1691 quod
694 1624 787 1678 doctor
799 1622 923 1677 Gentium
939 1621 1035 1674 Paulus
1049 1635 1101 1673 non
1115 1620 1199 1673 aude-

405 1695 452 1748 bat
462 1696 592 1764 attingere
609 1693 698 1761 (dour.
714 1708 758 1758 ιι,
773 1693 836 1760 51),
852 1693 893 1746 bie
906 1707 934 1744 se
947 1691 1080 1744 existimat
1093 1705 1198 1743 resera·

405 1773 463 1817 turn
482 1778 562 1833 posse
573 1764 681 1832 vulgare
697 1779 704 1816 ι
720 1762 844 1833 quodque
858 1777 910 1814 nott
924 1761 1035 1813 ntiuoris
1056 1759 1200 1827 impietatis

404 1841 464 1896 ert,
479 1834 562 1902 ipsam
573 1824 703 1898 qrattmn',
738 1846 771 1886 ua
784 1832 935 1894 ratramor,
948 1838 995 1883 aut
1006 1829 1084 1883 bouis
1097 1829 1199 1883 rtteritis

405 1903 486 1958 docet
499 1903 619 1972 rependi,
631 1911 676 1956 ant
686 1846 763 1955 medis
773 1899 889 1954 alllrntat
899 1900 994 1953 arceri.
1010 1899 1124 1953 ilemoto
1134 1912 1199 1968 erqo

405 1973 579 2028 obscuramm
590 1972 696 2026 turbine
705 1970 890 2041 quaestionum,
903 1970 935 2023 ad
948 1970 1071 2023 revelatae
1081 1984 1129 2022 nos
1138 1983 1199 2036 pra·

406 2042 450 2096 tire
465 2042 630 2097 latitudinem
652 2042 838 2104 coniermnns3
862 2040 1035 2108 dicamusque
1048 2052 1108 2091 eum
1125 2041 1198 2105 Apto-

404 2112 493 2178 etolo,
510 2111 636 2178 Quoniam
647 2109 716 2164 Deru
729 2111 782 2164 uult
800 2126 886 2164 oruuer
899 2109 1013 2162 irorrriuer
1031 2108 1114 2161 ratrar
1124 2107 1198 2174 fieri,

405 2190 429 2235 et
445 2182 634 2253 iaapaitioaem
650 2181 762 2235 ueritatis
774 2180 858 2233 venire
869 2178 890 2249 (Ι
906 2178 972 2231 Tim.
988 2193 1023 2241 u,
1039 2177 1066 2245 1)
1083 2194 1090 2231 ι
1106 2185 1136 2231 et
1148 2178 1198 2231 ite·

406 2250 822 2319 romdieamnsenmbpostolo,
839 2248 889 2313 Qui
899 2258 935 2301 art
945 2249 1056 2301 salrator
1066 2248 1197 2313 amnium,

404 2321 517 2374 mamma
532 2321 646 2389 fidelium
658 2319 712 2387 (ld.
728 2335 772 2386 ιι,
789 2319 845 2388 to).
861 2319 894 2373 Et
906 2317 1045 2372 audiamus
1058 2317 1198 2371 [lominum

405 2389 537 2445 dicentem
548 2391 682 2460 Apostolis
695 2391 761 2455 suis,
772 2387 869 2442 eoam
881 2403 941 2469 erqo
951 2388 1037 2440 docete
1047 2401 1132 2439 ortrnes
1138 2401 1201 2455 pen·

406 2468 461 2525 tec,
482 2461 636 2530 baptizantes
646 2476 689 2514 eos
698 2460 725 2513 iu
735 2459 836 2513 normae
846 2455 933 2510 Patra
945 2467 969 2510 et
980 2454 1042 2509 t’tttr
1052 2464 1076 2508 et
1086 2453 1200 2576 Spiritu

405 2530 497 2594 mirati,
511 2531 626 2584 docenter
636 2547 678 2584 cor
690 2531 698 2562 ¹
712 2543 875 2598 quacumque
884 2526 1002 2579 marrdnei
1012 2523 1099 2593 uobis(
1116 2522 1197 2580 luttlr.

405 2613 508 2666 ιιιιιι,
524 2600 575 2661 id,
589 2600 644 2670 eb).
662 2599 808 2654 Audiamus
821 2611 927 2666 quoque
941 2593 974 2649 ad
987 2594 1119 2648 Abrabam
1135 2608 1199 2662 pro·

406 2668 562 2724 missionem
576 2670 621 2723 Dei
634 2668 757 2730 dicentis,
767 2665 902 2721 lnrcrrrine
911 2676 954 2719 tua
967 2665 1202 2718 bertadicenturom·

405 2753 451 2793 ner
469 2740 547 2793 triim
561 2749 634 2793 terra
648 2736 723 2806 (Gerr.
736 2751 813 2800 ιιιι,
827 2734 882 2804 18).
898 2734 966 2789 Etsi
981 2734 1028 2787 lilii
1042 2733 1199 2802 promissio·

405 2808 448 2861 nis
461 2823 564 2874 sumus,
579 2824 631 2862 non
647 2807 800 2863 iccsitemos
813 2804 971 2869 dillidentia,
986 2803 1034 2859 sed
1050 2818 1111 2857 cmo
1126 2812 1199 2871 putre

404 2886 501 2933 nostro
516 2878 649 2932 Abrabam
663 2876 758 2931 demus
796 2876 889 2929 loriam
906 2876 977 2940 beo,
1000 2883 1027 2928 et
1047 2873 1200 2941 plenissime

405 2948 564 3013 credamus,
579 2948 704 3017 quoniam
720 2962 754 3015 qu
806 2944 944 3014 promisit,
961 2952 1055 3014 potens
1067 2951 1146 2997 estet
1161 2943 1200 2997 la·

404 3029 468 3071 cete
480 3017 569 3088 (Ram.
583 3033 626 3080 tv,
641 3016 694 3081 ⁴20,
707 3015 766 3085 21).
780 3014 927 3069 dttdittmtts
942 3012 1023 3068 David
1038 3013 1199 3080 proptu-tan·

405 3093 479 3151 tent,
493 3086 775 3150 Cartrmemorabuutur,
791 3095 814 3138 et
827 3093 1001 3137 coarmantur
1013 3082 1047 3135 ad
1063 3082 1199 3137 Dotttitrum

405 3157 514 3209 uniuersi
528 3157 591 3225 fiacr
604 3167 693 3222 terre,
708 3167 732 3210 et
745 3155 887 3208 adorabunt
896 3154 923 3207 iu
937 3161 1070 3222 conspectu
1080 3153 1135 3221 ejus
1144 3169 1199 3207 ent·

404 3240 450 3279 ner
462 3227 552 3294 patria
563 3228 674 3297 partium
688 3225 773 3296 (urat.
789 3240 853 3285 ιιι,
868 3224 916 3295 18)
932 3241 939 3276 :
955 3232 983 3278 et
996 3223 1077 3286 alibi,
1091 3222 1199 3276 duraedi-

404 3305 492 3348 centur
504 3296 597 3365 inipso
609 3312 695 3350 omnes
709 3295 787 3348 tribur
799 3303 889 3359 terra,
904 3309 991 3346 ornares
1003 3303 1087 3363 pentes
1100 3293 1200 3364 mapul-

405 3365 517 3434 puram
531 3383 587 3420 eunt
602 3365 687 3434 (erat.
703 3379 783 3428 tm,
798 3364 842 3433 17)
861 3380 867 3414 :
884 3372 911 3417 et
932 3362 1012 3424 alibi,
1030 3362 1122 3415 drrtncr
1134 3379 1198 3432 pert-

405 3444 443 3489 ter
452 3451 620 3504 quascumque
640 3434 728 3499 ecirti,
744 3434 858 3495 perticat,
873 3441 896 3486 et
910 3431 1051 3485 adorabunt
1065 3446 1150 3484 coram
1163 3441 1197 3498 tc,

406 3502 524 3570 ilorniue,
535 3516 558 3559 et
573 3504 749 3574 plurificubuut
762 3518 852 3556 nomeu
866 3511 937 3555 tuum
951 3500 1037 3570 (teat.
1053 3515 1148 3565 cxxxv,
1157 3499 1197 3572 tt).

405 3573 471 3642 orire
487 3575 686 3644 promissiones,
699 3574 759 3643 quia
776 3570 923 3627 verissimae
937 3582 1009 3635 sunt,
1023 3585 1072 3624 uec
1088 3579 1199 3638 possunt

405 3659 440 3699 et
453 3646 505 3699 ulia
522 3652 597 3714 parte
618 3653 728 3708 natue,
744 3643 769 3696 iu
784 3641 826 3696 bis
840 3642 983 3709 implentur
994 3641 1038 3711 qui
1051 3639 1118 3694 salvi
1132 3638 1198 3695 finnt

406 3730 455 3782 per
476 3715 616 3770 uuirersos
639 3713 705 3767 sruos
719 3721 797 3767 terrm
813 3730 820 3765 ι
836 3712 969 3786 quoniam
982 3709 1054 3780 qnod
1076 3710 1199 3779 promisit

406 3793 502 3854 poteris
513 3794 553 3840 cst
573 3793 601 3839 et
612 3783 709 3838 lacere.
729 3783 791 3837 iiaee
804 3796 868 3851 ergo
881 3789 922 3835 est
935 3781 979 3834 iila
995 3780 1076 3834 totins
1087 3778 1198 3834 bomani

404 3856 512 3925 generis
533 3854 696 3923 assumptio,
713 3852 770 3907 bue
794 3853 908 3906 liliorum
930 3850 978 3905 Dei
992 3849 1117 3919 adoptio,
1140 3847 1198 3905 baee

405 3925 525 3994 gentium
539 3924 691 3993 plenitudo,
706 3922 826 3992 praescito
841 3930 868 3976 et
882 3920 1068 3990 praedestinata
1079 3919 1106 3973 in
1119 3915 1199 3975 (11ιί-

406 4004 450 4047 sto
473 3994 535 4048 arrte
549 3994 764 4049 constitutionem
779 3991 880 4048 mundi.
907 3990 969 4045 ilaec
992 3999 1033 4045 est
1046 3988 1195 4045 Jerusalem

405 4079 467 4133 qtae
480 4065 514 4117 ab
527 4065 602 4118 initio
613 4078 697 4132 usque
710 4064 736 4118 in
751 4063 830 4116 linem
843 4060 975 4129 lapidibus
988 4060 1053 4114 rivis
1064 4069 1092 4114 et
1104 4058 1197 4116 electis

405 4133 554 4188 addicatur
568 4133 590 4205 (l
613 4132 684 4187 Patr.
699 4149 735 4197 u,
751 4131 798 4200 5),
815 4139 843 4186 ιιι
861 4131 955 4185 civitas
969 4129 1076 4183 lundata
1091 4129 1118 4183 in
1139 4129 1197 4196 ipso

405 4204 525 4275 crapulari
541 4204 626 4274 lapide
638 4202 745 4257 Christo
758 4202 832 4267 iesu,
848 4201 874 4255 in
887 4215 940 4272 quo
953 4200 1041 4254 omnis
1055 4198 1197 4254 udilieatio

405 4282 576 4340 coristrneta,
592 4273 688 4330 crescit
709 4273 737 4327 itt
760 4273 887 4342 templum
908 4279 1028 4325 sanetum
1043 4269 1069 4323 in
1085 4269 1197 4325 Domino

406 4343 516 4414 (Epiros.
538 4359 573 4408 rt,
588 4343 641 4408 20,
656 4343 713 4413 81).
728 4344 764 4396 be
780 4343 821 4396 bis
841 4340 973 4410 lapidibus
987 4339 1051 4393 nibil
1072 4339 1195 4408 ejicitur,

405 4413 472 4468 nibil
485 4414 620 4477 tnimtitur,
632 4413 697 4468 nibil
710 4412 821 4481 rapitur.
837 4412 939 4465 i'eritas
948 4411 1019 4464 enim
1032 4408 1106 4474 dicit,
1117 4408 1198 4460 barna

405 4484 473 4553 quad
487 4485 530 4536 dat
545 4485 607 4537 rnilrr'
627 4483 719 4544 Pater,
733 4483 766 4535 ad
781 4497 820 4535 me
832 4482 910 4535 ueniet
918 4496 929 4544 ,·
941 4489 964 4534 ct
980 4495 1036 4533 curu
1049 4481 1091 4550 qni
1106 4479 1198 4532 uenerit

405 4553 441 4606 eri
455 4569 510 4618 rue,
529 4569 579 4607 neu
594 4554 693 4623 ejiciam
708 4553 777 4621 forae
790 4550 878 4623 (Joan.
894 4566 938 4617 ιι,
954 4549 999 4621 et)
1016 4567 1023 4602 ε
1039 4550 1196 4615 etiterum,

407 4621 469 4677 Nan
481 4623 599 4690 creatur,
612 4624 672 4693 quia
685 4639 735 4676 nou
749 4623 807 4676 cstir
822 4622 853 4675 de
866 4621 952 4674 coibat
962 4621 1025 4673 ιιιιίι
1039 4634 1049 4673 c
1064 4634 1120 4673 ouer
1136 4633 1198 4672 raeoe

405 4709 491 4747 rocem
504 4709 586 4746 meant
606 4692 731 4756 audiunt,
746 4702 770 4745 at
783 4708 829 4762 epo
847 4691 904 4744 nori
923 4691 999 4752 illut,
1022 4699 1046 4744 et
1060 4699 1198 4759 sequautur

406 4779 463 4828 mc,
478 4772 502 4816 et
522 4779 567 4833 epo
580 4765 655 4816 uitam
666 4771 786 4817 cateruam
799 4763 833 4814 do
845 4761 915 4823 utrm
930 4769 954 4813 et
967 4775 1017 4812 nou
1039 4760 1154 4828 peribunt
1170 4759 1197 4811 in

405 4843 537 4895 aternam,
551 4849 595 4886 uec
609 4834 740 4903 quicquam
750 4832 830 4901 rapiet
842 4845 884 4883 cas
898 4829 929 4882 de
939 4845 1015 4881 manu
1030 4844 1086 4881 urea
1099 4827 1154 4897 (ld.
1167 4843 1195 4894 x,

405 4902 508 4972 8818).
523 4902 647 4957 Omnium
662 4916 727 4971 ergo
740 4901 876 4955 bominum
891 4913 953 4952 cura
968 4908 1010 4952 est
1025 4899 1079 4951 ileo
1092 4916 1098 4950 :
1110 4907 1138 4952 et
1148 4914 1196 4952 ne·

405 4988 451 5027 mo
463 4981 504 5027 est
524 4987 602 5042 quem
616 4988 670 5026 non
682 4981 728 5025 ant
746 4971 897 5040 erangottea
912 4968 1081 5037 pradicatio,
1096 4978 1141 5021 aut
1156 4967 1196 5021 le-

405 5044 446 5124 pis
460 5044 628 5105 restiliratio,
644 5051 689 5095 ant
704 5042 760 5110 ipsa
774 5042 854 5096 etiam
870 5047 963 5092 natura
976 5039 1126 5091 conveniat.
1143 5037 1196 5091 Sed

405 5111 586 5167 tulldelitatem
598 5113 746 5175 bominum,
758 5111 821 5180 ipsis
832 5109 1014 5162 adscribamus
1024 5107 1175 5161 bominibus
1187 5122 1194 5160 ι

406 5181 484 5236 fidem
499 5192 588 5238 autem
612 5182 767 5246 homiuum,
791 5180 890 5234 dionunt
905 5178 950 5232 bei
964 5192 1023 5233 esse
1045 5178 1194 5243 lateamus,

405 5253 464 5306 siue
478 5252 553 5320 eujus
566 5254 649 5321 gratia
663 5266 741 5305 neruo
751 5251 834 5303 currit
847 5249 880 5302 ad
892 5249 1013 5318 gratiam.
1029 5247 1063 5301 Et
1075 5263 1136 5301 cnut
1147 5250 1197 5302 du·

404 5323 491 5377 centis
502 5323 703 5391 quatuordecim
717 5320 916 5383 etcerdolibus,
939 5335 1050 5386 quorum
1064 5319 1195 5372 constitu·

404 5393 505 5446 tiouem
517 5402 610 5447 contra
626 5391 748 5444 inimicos
760 5390 851 5459 gratie
867 5389 913 5442 bei
926 5395 997 5442 totus
1008 5387 1123 5443 nutudus
1137 5405 1195 5442 ant-

405 5463 498 5532 plexus
512 5470 570 5525 est,
586 5461 674 5515 ueraci
688 5458 869 5530 professione,
884 5457 1106 5544 quemadmodum
1123 5459 1195 5526 ipso·

405 5546 465 5586 rum
489 5530 569 5586 babet
595 5546 702 5595 sermo,
718 5529 838 5584 dieamus
852 5544 860 5581 t
876 5524 965 5583 Gratia
980 5527 1027 5581 Ilei
1045 5544 1089 5599 per
1105 5526 1196 5581 derum

403 5600 533 5656 Girirttan
542 5600 698 5665 Donarnnu,
711 5598 856 5653 nanceium
870 5599 904 5651 ad
917 5599 1132 5668 coqaarcmdam,
1152 5613 1194 5650 or-

403 5687 462 5725 rum
471 5672 547 5725 ctiam
560 5671 595 5725 ati
605 5669 748 5742 {mindam
755 5669 881 5739 justitiam
891 5684 937 5722 nar
949 5684 994 5739 per
1002 5678 1073 5721 actus
1083 5667 1196 5737 cingulos

403 5741 540 5811 dieram
554 5739 591 5796 ilo
609 5749 636 5795 ιιι
647 5740 702 5794 rinc
721 5739 768 5793 illo
785 5739 849 5794 aitrtt
860 5753 926 5794 terta
938 5747 1031 5792 ranctoe
1064 5752 1079 5790 r
1097 5737 1196 5806 pictatis

404 5812 512 5878 liniae,
528 5812 654 5883 copitare,
667 5811 766 5877 auara,
782 5825 856 5880 apere
867 5808 1016 5877 cubamus(
1044 5806 1085 5859 ide
1097 5822 1194 5876 ruma,

403 5881 449 5938 ttl.
463 5881 731 5948 amoenitatem,
745 5897 774 5936 ιι.
789 5881 844 5951 lb).
858 5879 951 5948 Neque
965 5877 1022 5932 brae
1035 5875 1104 5931 dona
1116 5877 1152 5930 ita
1163 5892 1195 5931 ex

403 5951 460 6008 baa
479 5967 539 6008 osse
550 5953 709 6022 opinemur,
725 5960 754 6006 ut
767 5955 827 6023 quia
843 5952 900 6020 ipso
915 5959 1016 6003 nature
1036 5955 1135 6002 nostra
1149 5962 1196 6002 au·

433 6064 502 6114 ⁸ute
519 6064 543 6113 ιιι
563 6064 700 6133 ramptano
717 6064 879 6124 manumitto
891 6061 996 6111 audituro
1014 6064 1052 6111 ast
1063 6069 1077 6110 a
1087 6058 1195 6112 secunda

407 6136 688 6186 narrarararrcnuua.

847 668 1102 741 ttttstoa'steutts
1121 667 1354 724 luctatibus
1374 665 1571 725 uattoutttt.

1974 673 2044 732 1338

1258 791 1317 834 etor
1334 790 1393 841 est,
1415 797 1463 848 per
1483 781 1662 835 conditionem
1682 779 1737 848 iam
1760 780 1817 835 bac
1835 781 1980 840 eonttdisse
2003 789 2045 840 vi·

1256 851 1359 904 dentur.
1377 851 1444 918 Quia
1459 852 1534 905 dedit
1553 850 1660 920 quidem
1675 852 1708 904 ab
1721 851 1795 905 initio
1808 850 1875 908 benc
1889 852 1989 910 bantini
2006 855 2046 912 io·

1255 921 1381 974 crdtatem
1399 938 1406 975 ι
1421 921 1467 975 sed
1480 934 1574 975 omnes
1586 936 1645 974 eam
1668 922 1694 975 iu
1709 921 1755 975 rllo
1775 922 1931 989 amisimus,
1954 926 1980 980 in
1993 942 2046 996 quo

1255 1004 1349 1045 omncs
1362 990 1538 1059 peremimus.
1556 991 1630 1046 Unde
1643 989 1694 1044 alia
1707 991 1843 1046 creatione
1855 995 1960 1063 alioque
1975 998 2046 1064 priu-

1254 1060 1325 1131 eipio
1349 1061 1474 1115 renotari
1501 1075 1610 1130 eqernus
1633 1061 1660 1114 in
1683 1061 1813 1115 cbristo:
1830 1064 1855 1115 in
1878 1079 2046 1132 quesumus

1255 1144 1325 1183 narra
1349 1141 1470 1184 creatora
1487 1145 1640 1199 trovnmque
1662 1130 1814 1195 inpotentem
1827 1148 1834 1193 ;
1849 1141 1878 1187 et
1899 1148 1946 1201 per
1966 1150 2044 1204 quem

1254 1200 1352 1262 notris,
1372 1200 1450 1254 nolti<
1474 1201 1570 1262 brutis,
1589 1208 1617 1255 et
1638 1201 1727 1254 nroltis
1751 1202 1827 1256 malis
1850 1203 1953 1258 meritis
1975 1221 2045 1274 prte-

1253 1270 1421 1391 eodentillros,
1436 1269 1552 1324 donatur
1566 1270 1692 1325 ursimus
1706 1285 1739 1324 er
1755 1271 1825 1325 nasis
1839 1272 1896 1336 irae,
1913 1289 1973 1329 vasa
1993 1276 2045 1330 mi·

1254 1354 1361 1394 seneen
1374 1355 1415 1393 rae.

1289 1410 1348 1464 bru.
1368 1407 1414 1463 ix.
1434 1408 1510 1477 Qrtod
1526 1423 1578 1464 non
1594 1425 1642 1479 pro
1657 1409 1739 1466 totius
1752 1411 1844 1467 muudi
1859 1412 2043 1485 redemptione

1253 1477 1375 1534 satraror
1387 1478 1420 1532 sit
1433 1480 1586 1534 crucillxus.

1290 1549 1370 1603 ttrsr.
1391 1548 1483 1603 Nullus
1501 1550 1610 1604 orrrnino
1626 1558 1668 1604 est
1685 1565 1718 1605 er
1733 1552 1857 1608 omnibus
1871 1551 2045 1623 bominibus,

1254 1619 1330 1686 cnjtts
1346 1629 1436 1671 natura
1453 1618 1479 1672 in
1494 1619 1600 1673 Cirristo
1615 1620 1728 1675 lietuino
1744 1636 1834 1676 nostro
1854 1639 1975 1695 suscepta
1991 1643 2044 1683 nort

1255 1688 1335 1743 suerit
1349 1707 1355 1741 :
1371 1690 1491 1754 quamvis
1512 1691 1556 1744 ille
1576 1700 1654 1743 natus
1674 1691 1707 1745 sit
1724 1692 1750 1745 iu
1769 1694 1942 1749 siutilitndiue
1957 1701 2045 1751 carnis

1253 1759 1355 1840 peccati
1370 1757 1456 1830 (lton.
1471 1775 1534 1816 ιιιι,
1550 1759 1596 1828 5),
1618 1761 1704 1814 trinnis
1717 1770 1806 1815 atatem
1820 1763 1900 1817 bonro
1920 1776 2044 1822 nascatur

1254 1844 1280 1882 tn
1300 1844 1380 1883 earne
1400 1831 1511 1896 peccati.
1533 1830 1602 1883 bens
1620 1843 1684 1896 erqo
1705 1831 1750 1886 bei
1772 1830 1854 1886 Filius
1873 1836 2042 1891 mortalitatis

1253 1896 1376 1953 btrruanae
1390 1900 1521 1967 particeps
1533 1898 1617 1953 lactus
1629 1900 1729 1968 absque
1745 1912 1869 1969 peceato,
1887 1906 1936 1959 troc
1952 1921 2045 1974 peeca-

1254 1969 1356 2023 toribus
1370 1979 1397 2023 et
1413 1970 1568 2023 mortalibus
1582 1969 1709 2035 contulit,
1725 1982 1753 2024 ut
1768 1973 1812 2040 qni
1829 1972 1972 2029 inutilitatis
1986 1976 2044 2030 e'rts

1252 2048 1391 2092 consortes
1404 2038 1525 2104 luissent,
1540 2040 1672 2093 uinculum
1687 2041 1786 2108 peceati
1800 2050 1827 2096 et
1839 2045 1932 2097 mortis
1944 1993 2044 2101 errario·

1253 2117 1322 2162 retu.
1339 2109 1412 2164 Sient
1428 2110 1515 2176 itaque
1528 2126 1579 2162 nrm
1593 2109 1690 2164 strideir
1706 2110 1841 2164 bominum
1858 2116 2040 2178 reiteratioui,

1253 2188 1343 2232 uatum
1361 2194 1421 2232 esse
1439 2178 1574 2233 bominem
1591 2178 1682 2233 iesum
1701 2177 1847 2245 Christum,
1867 2182 1917 2237 nisi
1938 2185 1963 2237 in
1984 2187 2042 2254 ipsu

1252 2247 1365 2312 eodem,
1381 2248 1482 2317 dequo
1498 2250 1554 2315 ipse
1568 2258 1645 2302 ortus
1659 2257 1717 2311 cst,
1732 2249 1831 2318 Spiritu
1847 2265 2019 2308 renascantur
2033 2272 2040 2308 z

1253 2317 1292 2370 sie
1301 2333 1353 2372 non
1364 2318 1460 2372 suflicit
1471 2318 1607 2372 bominum
1618 2318 1804 2388 redemptioni,
1815 2322 1970 2376 crucifixum
1980 2338 2042 2380 esse

1254 2385 1398 2441 [luminum
1412 2387 1565 2451 b'bristum,
1580 2387 1629 2441 nisi
1645 2390 1854 2443 eontmoriautur
1867 2391 1892 2444 ei
1907 2401 1933 2444 ct
1946 2409 2042 2447 couse-

1252 2456 1386 2524 peliantur
1406 2458 1432 2509 in
1453 2456 1598 2526 Baptisnro.
1624 2456 1747 2524 Alioquin
1771 2467 1832 2512 nato
1854 2459 1992 2516 Saltatrrre
2015 2464 2040 2517 in

1252 2539 1333 2580 carne
1354 2525 1509 2580 attestantia
1528 2535 1641 2588 nostrae,
1659 2533 1686 2579 ct
1704 2528 1831 2582 crucifixo
1851 2546 1898 2597 pro
1916 2531 2041 2587 outnibus

1253 2595 1340 2653 uobis,
1361 2610 1415 2649 non
1434 2594 1521 2650 luerat
1539 2596 1716 2650 neeessariam
1737 2606 1766 2651 nt
1784 2613 1993 2664 renascerentur,
2013 2615 2041 2658 et

1252 2663 1421 2720 similitudini
1439 2666 1533 2720 mortis
1553 2666 1611 2734 ejus
1632 2665 1881 2735 conopiantarentur.
1904 2670 1956 2725 Sed
1978 2687 2039 2728 euru

1251 2735 1311 2790 sine
1323 2737 1372 2790 troc
1383 2735 1555 2791 sacramento
1567 2749 1645 2791 nemo
1660 2736 1796 2791 irorninom
1810 2753 1987 2809 corumquutnr
2001 2744 2041 2796 ri·

1253 2813 1306 2858 tatu
1319 2814 1463 2871 mterrram;
1476 2821 1528 2859 non
1541 2813 1584 2860 est
1594 2805 1710 2860 salvatus
1719 2821 1799 2862 cruee
1808 2809 1917 2872 lllrristi,
1949 2812 1975 2864 ui
1987 2828 2039 2867 neu

1251 2882 1294 2929 est
1305 2876 1448 2931 crueiiiros
1461 2876 1487 2929 in
1499 2874 1617 2929 cbristo.
1631 2874 1687 2929 Nou
1703 2885 1744 2930 est
1758 2887 1846 2932 autem
1858 2828 2000 2936 ctttciarus
2013 2884 2039 2937 in

1252 2943 1369 3012 Christe,
1385 2947 1428 3015 qui
1445 2961 1497 2999 non
1511 2954 1551 2999 est
1565 2945 1713 2999 ruentbrum
1727 2950 1846 3016 corporis
1858 2947 1974 3016 Cirristi;
1991 2967 2041 3008 nce

1251 3024 1293 3070 est
1308 3017 1456 3071 membrum
1470 3013 1589 3085 eorporis
1602 3013 1701 3069 etrrtsu
1712 3016 1722 3049 ¹
1734 3058 1741 3082 ,
1756 3017 1868 3086 quinon
1884 3034 1932 3088 per
1942 3036 2038 3091 aquam

1251 3094 1277 3138 et
1290 3083 1418 3151 Spiritum
1432 3095 1552 3140 sanctum
1565 3084 1650 3139 induit
1661 3085 1807 3142 Christum.
1821 3089 1871 3154 ent
1886 3089 1945 3144 ideo
1957 3092 1983 3145 in
1997 3092 2039 3146 iu·

1251 3154 1377 3236 ltrrnitate
1391 3165 1481 3211 nostra
1495 3155 1711 3211 communionem
1724 3157 1805 3212 subiit
1821 3159 1932 3224 mortis,
1947 3172 1976 3215 ut
1990 3177 2041 3217 nos

1252 3240 1278 3278 m
1294 3225 1389 3281 virtuto
1402 3227 1460 3296 eius
1474 3226 1633 3281 haberemus
1645 3226 1810 3282 consortium
1824 3232 2036 3287 resurrectionis.

1250 3295 1317 3350 Cum
1339 3297 1373 3351 ita
1395 3313 1428 3351 ue
1449 3295 1598 3352 rectissime
1619 3295 1723 3350 dicatur
1744 3295 1868 3353 Salvator
1891 3315 1939 3370 pro
1960 3302 2041 3359 totius

1251 3364 1364 3420 mandir
1399 3365 2040 3446 eruptionecrnciiltus,propterreramlrurnarrn

1251 3443 1354 3489 tratura}
1363 3445 1571 3502 susceptionem,
1581 3443 1609 3490 et
1620 3444 1727 3503 prepter
1736 3451 1903 3491 eornmnneur
1916 3441 1941 3493 in
1953 3440 2039 3509 primo

1251 3502 1358 3559 homine
1371 3506 1488 3558 omniurn
1506 3503 1680 3572 perditionem
1696 3521 1704 3559 z
1720 3513 1807 3573 potest
1822 3514 1910 3562 tamen
1922 3508 1973 3564 dci
1990 3526 2039 3579 pro

1251 3571 1293 3627 bis
1306 3583 1407 3628 tantum
1420 3572 1571 3638 crucifixus,
1586 3573 1682 3642 quibos
1695 3589 1767 3630 nrors
1781 3573 1863 3644 ipsius
1875 3576 1982 3644 proluit.
1999 3581 2042 3635 tu·

1249 3644 1287 3696 cit
1305 3644 1376 3698 enim
1392 3642 1578 3714 Evangelista,
1596 3644 1663 3708 Quia
1676 3642 1751 3699 daur
1766 3645 1902 3700 ntoriturut
1917 3658 1972 3703 erat
1991 3666 2039 3721 pra

1249 3722 1370 3782 pertimet
1384 3731 1435 3769 non
1447 3724 1545 3768 tontum
1557 3729 1603 3783 pro
1617 3723 1700 3784 pente,
1715 3715 1760 3768 red
1773 3714 1849 3769 etiam
1862 3726 1889 3770 ut
1902 3718 1968 3785 filias
1993 3720 2040 3774 bei

1249 3781 1376 3853 dirperror
1396 3792 1557 3854 comproperat
1574 3783 1601 3836 in
1619 3799 1698 3838 unum
1718 3783 1807 3856 (doum
1823 3801 1866 3852 ιι,
1881 3787 1988 3857 elea).
2005 3789 2039 3844 lrr

1249 3868 1297 3906 rua
1314 3855 1387 3910 enim
1400 3855 1475 3915 read,
1495 3863 1518 3907 et
1537 3854 1647 3907 cuicum
1667 3870 1719 3908 narr
1735 3865 1891 3923 receperunt.
1915 3857 2041 3930 Quotquot

1249 3932 1333 3977 autem
1344 3933 1489 3995 receperunt
1501 3939 1567 3989 eum,
1574 3924 1642 3979 dedit
1651 3924 1687 3980 eir
1700 3925 1845 3993 potatatcat
1853 3927 1920 3995 filios
1932 3928 1980 3982 ber·
1992 3931 2040 3997 lie·

1249 3992 1273 4044 ri
1284 3995 1347 4063 :qui
1361 4011 1411 4049 nan
1423 4012 1455 4050 ec
1466 3994 1648 4064 rarrpuiaibur,
1663 4011 1743 4065 neque
1755 4011 1787 4050 ec
1798 3996 1925 4051 ratraraa
1936 4001 2039 4063 camir,

1249 4077 1329 4133 neque
1341 4080 1373 4118 er
1384 4064 1511 4119 voluntate
1524 4064 1591 4126 ciri,
1606 4065 1650 4118 red
1663 4081 1694 4118 ea
1709 4065 1762 4118 ileo
1774 4067 1828 4119 nati
1839 4077 1908 4121 runt.
1931 4069 2040 4124 Diuersa

1249 4145 1313 4203 ergo
1325 4135 1359 4188 ab
1370 4134 1427 4197 istis
1440 4149 1500 4188 sors
1512 4149 1604 4188 eorum
1618 4142 1669 4198 est,
1679 4133 1725 4202 qui
1735 4136 1805 4189 inter
1815 4136 1875 4190 illos
1884 4147 2038 4204 censentur,

1249 4202 1283 4256 de
1296 4205 1392 4272 quibus
1405 4204 1513 4269 dicitur,
1529 4201 1644 4257 diundut
1658 4220 1714 4257 eum
1729 4220 1780 4258 non
1794 4208 1909 4275 rapuerit
1920 4209 1930 4239 ¹
1941 4206 1995 4278 (ld.
2011 4225 2038 4272 t,

1250 4273 1351 4344 10-15).
1361 4273 1395 4331 [Ιι
1404 4273 1641 4344 possitsecaudmn
1652 4273 1762 4330 iroediei
1770 4274 2038 4344 redemptornruudi:

1249 4342 1322 4398 dedit
1335 4360 1385 4415 pro
1397 4343 1496 4399 mondo
1509 4343 1663 4414 sanguinent
1676 4357 1765 4410 suunt,
1778 4350 1805 4398 el
1817 4345 1932 4400 mondus
1945 4347 2039 4403 redimi

1250 4414 1352 4481 uoluit3
1365 4415 1426 4486 quia
1441 4414 1527 4469 lucem
1543 4414 1660 4468 tertobrre
1673 4428 1726 4467 non
1740 4422 1908 4482 receperunt,
1924 4423 1952 4469 et
1966 4425 2039 4473 lene·

1249 4482 1305 4539 bru·
1319 4494 1497 4554 receperunt,
1513 4484 1609 4552 quibus
1622 4481 1687 4536 dicit
1701 4485 1862 4551 Apostolus.
1878 4482 1903 4537 F
1904 4486 1976 4539 idetis
1988 4488 2024 4539 aii
2030 4516 2040 4528 ·

1249 4555 1351 4621 quaudo
1365 4555 1481 4616 tenebrae,
1496 4569 1563 4607 nuuc
1575 4562 1659 4606 autem
1671 4554 1718 4607 trra
1728 4554 1756 4606 in
1769 4551 1879 4607 Dorttiao
1890 4553 1997 4626 (prer.
2011 4572 2038 4621 ι,

1249 4622 1288 4695 8).
1311 4625 1369 4694 lpse
1383 4639 1447 4678 vero
1470 4624 1598 4678 Dominus
1620 4623 1708 4687 iesus,
1731 4625 1775 4692 qui
1797 4624 1864 4677 dixit
1883 4639 1913 4679 se
1934 4628 2040 4681 uenisse

1249 4708 1369 4764 quaerere
1381 4704 1409 4749 et
1421 4694 1525 4749 saltare
1536 4693 1606 4762 rqrrod
1622 4695 1734 4762 perierat
1744 4692 1820 4763 (Luc.
1831 4709 1887 4759 ιιι,
1900 4695 1944 4768 111)
1958 4712 1965 4749 :
1978 4696 2039 4750 Non

1249 4766 1314 4829 reni,
1335 4766 1430 4836 iuquit,
1446 4765 1494 4817 nisi
1507 4764 1541 4817 ad
1562 4780 1618 4817 oecr
1636 4779 1693 4834 quac
1706 4766 1831 4831 perieram
1850 4764 1939 4818 donare
1958 4764 2040 4822 iarael

1252 4833 1357 4906 (dlattlr.
1369 4851 1414 4901 ιι,
1425 4834 1483 4903 att.
1498 4833 1550 4889 Sed
1562 4849 1621 4902 qme
1634 4836 1687 4885 sint
1700 4841 1756 4886 istm
1767 4849 1829 4886 crues
1841 4833 1937 4889 dumus
1949 4835 2038 4898 israel,

1250 4907 1385 4976 apostulus
1402 4907 1497 4959 Paulos
1514 4911 1642 4970 exponat,
1656 4902 1748 4956 dicens
1762 4919 1769 4955 ι
1784 4901 1844 4957 Nou
1858 4919 1943 4958 orttaer
1955 4906 1998 4976 qui
2010 4924 2041 4961 cx

1250 4973 1344 5042 iarael,
1361 4976 1387 5028 iri
1399 4985 1457 5030 aurit
1470 4975 1574 5036 lernen·
1587 4989 1665 5042 neque
1677 4974 1737 5043 quia
1748 4984 1805 5026 ruat
1818 4989 1901 5029 acmen
1914 4975 2038 5043 Abralut’,

1249 5057 1335 5099 erranei
1346 5046 1403 5111 filit,
1414 5045 1459 5099 red
1467 5044 1493 5096 t'n
1503 5041 1579 5096 isaac
1589 5043 1717 5096 rorabitur
1728 5043 1772 5096 tibi
1781 5060 1865 5098 reaten
1875 5060 1885 5099 .·
1895 5046 1921 5099 id
1931 5055 1977 5112 ert,
1990 5065 2041 5102 aaa

1248 5117 1292 5184 qui
1309 5117 1358 5182 ptri
1373 5115 1474 5174 crrrrtir,
1490 5114 1516 5166 lri
1535 5114 1583 5182 fittr'
1596 5111 1644 5167 ba·
1653 5130 1662 5174 ,·
1676 5114 1721 5166 ced
1732 5114 1775 5182 qui
1789 5113 1838 5179 altr·
1852 5118 2036 5181 promissionis,

1248 5188 1406 5238 arctarantar
1426 5185 1453 5236 r'n
1476 5185 1570 5236 senticae
1590 5181 1676 5251 (Roas.
1693 5198 1736 5247 tx,
1752 5182 1826 5252 titt).
1848 5185 1875 5238 Ιιι
1899 5186 1955 5239 istis
1975 5203 2041 5256 ergo

1249 5265 1310 5308 sum
1323 5255 1368 5317 iili,
1380 5254 1414 5308 de
1426 5254 1520 5321 quibus
1530 5253 1631 5307 dictum
1644 5267 1722 5321 supra
1737 5253 1963 5311 mernoraviuursr
1974 5257 2040 5323 Quin

1248 5325 1325 5379 ierus
1335 5326 1469 5378 moriturus
1480 5334 1533 5376 erat
1544 5339 1590 5391 pro
1600 5330 1689 5392 psalm·
1698 5331 1722 5376 ct
1732 5337 1783 5375 noa
1792 5330 1890 5376 tantum
1900 5340 1948 5392 pre
1957 5337 2039 5395 prate,

1248 5395 1292 5448 red
1311 5395 1386 5448 etiam
1403 5404 1430 5447 ut
1450 5394 1517 5462 filios
1533 5393 1578 5446 liei
1593 5393 1721 5463 dispercat
1732 5403 1895 5462 conpreparet
1909 5395 1936 5448 in
1951 5411 2039 5450 aunru.

1248 5464 1314 5533 Quia
1332 5480 1386 5519 non
1405 5462 1491 5517 solam
1511 5478 1544 5517 ex
1561 5462 1672 5528 trema,
1691 5461 1836 5516 sedetiam
1855 5479 1887 5518 ex
1906 5466 2041 5532 pentibus,

1250 5548 1297 5603 per
1307 5549 1366 5588 enm
1380 5535 1424 5603 qni
1439 5540 1517 5588 uocat
1530 5548 1590 5602 qma
1601 5545 1653 5585 nou
1666 5541 1738 5597 suut,
1754 5540 1877 5600 tanquam
1891 5549 1952 5605 quse
1966 5545 2039 5602 strnt,

1248 5613 1275 5659 et
1294 5604 1340 5673 qui
1357 5605 1495 5674 dispersos
1517 5603 1596 5656 israel
1612 5610 1776 5672 orrnqreqat,
1792 5603 1837 5656 lilii
1855 5603 1900 5658 bei
1917 5605 1961 5657 lilii
1977 5620 2040 5672 prn-

1249 5674 1384 5729 missieuis
1403 5677 1429 5727 in
1446 5687 1525 5726 unam
1547 5671 1693 5728 Ecclesiam
1712 5681 1927 5744 congregantur:
1942 5684 1970 5726 ut
1989 5676 2040 5728 im·

1249 5743 1354 5814 pluitur
1367 5742 1439 5813 quod
1452 5743 1613 5815 promissum
1626 5752 1666 5796 est
1682 5741 1806 5809 abrabae,
1821 5745 1863 5798 eui
1875 5743 1975 5798 dietum
1988 5754 2039 5809 est,

1280 5854 1545 5944 maeniana
1563 5872 1706 5925 rurmua
1722 5873 1897 5936 aemam
1912 5879 1948 5928 ea
1967 5888 2044 5929 aaut·

1248 5933 1536 5996 nuarorporactrraa

1280 6000 1331 6048 ιιι
1343 5997 1481 6060 semipleno
1492 6004 1531 6047 us
1549 5994 1610 6061 loeo,
1624 5996 1724 6050 neaera
1738 5995 2043 6064 curtumcopumr'trrer.

1251 6049 1281 6100 be
1303 6058 1555 6120 neclegentiam
1570 6057 1633 6110 lucet
1652 6057 1800 6120 iurauerit,
1820 6063 1843 6111 ct
1862 6060 1965 6116 bucera
1981 6076 2035 6114 cara

1250 6120 1543 6186 mrmnpreuaurrurr.
1825 6148 1828 6153 ,
2078 6133 2081 6141 ¹
