4900 6892
403 727 520 785 stimulis
534 725 662 782 aduersus
675 740 706 782 se
727 724 808 795 ipsos,
821 723 868 779 sed
892 722 979 793 potius
998 722 1126 777 adversus
1146 734 1197 776 nos

403 822 568 886 excitentur,
582 818 642 889 quia
663 833 710 873 eos
730 816 889 886 corripimus
908 813 966 868 lnce
985 829 1036 869 non
1057 813 1197 877 habentes,

403 929 463 982 quar
477 911 529 981 ipsi
541 909 653 964 dicimus
669 922 722 962 non
737 906 851 960 bumana
863 905 998 959 voluntate
1012 903 1136 972 proferri,
1150 900 1198 956 scd

404 1002 494 1057 divina
506 1000 627 1071 largitate
635 997 728 1053 donari
737 996 750 1050 l
760 994 815 1052 Cur
825 995 941 1065 denique
951 995 1037 1064 ipsum
1048 992 1199 1062 apostolum

403 1093 533 1150 iacobum
544 1091 623 1161 bajus
630 1088 722 1160 gratie
737 1087 888 1158 pradicatio
902 1102 955 1139 rnm
971 1083 1101 1140 deterruit
1113 1081 1199 1137 corri-

405 1199 470 1252 pere
490 1181 631 1252 inquietos,
648 1188 674 1234 et
689 1179 787 1245 dicere,
804 1177 834 1231 Si
855 1176 936 1230 return
954 1191 1071 1228 omarum
1092 1173 1198 1236 linietis,

403 1284 428 1327 et
440 1272 612 1326 contentiones
627 1278 685 1324 surrt
706 1270 732 1321 in
749 1267 866 1321 cordibus
885 1265 982 1330 uestris,
997 1262 1075 1317 nolite
1096 1262 1201 1334 pioriori

404 1374 429 1417 et
443 1363 576 1418 menduces
599 1377 652 1416 esee
671 1361 789 1415 edemus
810 1359 936 1436 ueritatem
947 1373 1017 1411 :non
1035 1364 1071 1410 est
1088 1356 1137 1409 isto
1156 1371 1200 1408 so-

405 1453 502 1522 pientio
524 1452 656 1506 desursum
683 1435 853 1514 descendens,·
867 1447 912 1502 sed
936 1457 1044 1509 terreno,
1071 1443 1200 1512 oninrolis,

405 1544 532 1599 diabolico
546 1558 556 1597 .·
570 1542 612 1595 ubi
626 1541 692 1595 eninr
701 1542 769 1593 zelus
782 1550 804 1592 et
816 1537 952 1603 contentio,
968 1536 1003 1589 ibi
1016 1536 1197 1601 inconstantia,

404 1645 429 1688 et
441 1650 514 1688 omne
526 1649 589 1703 opus
602 1647 707 1704 procuro
731 1628 833 1699 (iacobi
847 1645 884 1693 ur,
901 1626 1019 1698 ttici?
1042 1625 1116 1682 Sicut
1138 1641 1202 1696 crgo

404 1722 566 1794 corripiendi
579 1731 641 1777 sunt
655 1719 775 1790 inquieti,
801 1728 827 1774 et
839 1719 936 1773 diuinis
950 1717 1063 1786 eloquiis
1076 1717 1199 1782 testibus,

404 1824 433 1870 ιι
447 1815 512 1884 ipsis
524 1828 591 1884 quos
602 1813 740 1869 nobiscum
758 1812 801 1866 isti
813 1825 968 1866 communes
980 1810 1082 1865 babent
1098 1807 1202 1863 actibus

406 1906 525 1972 nostris;
540 1920 627 1974 neque
644 1902 713 1957 lranc
727 1900 840 1971 impedit
853 1900 1061 1971 correptionem,
1077 1897 1148 1969 quod
1159 1912 1203 1952 sa-

406 1995 533 2065 pientiam
548 1993 698 2064 paciticom,
711 2007 765 2063 qua
775 1990 933 2046 contentiosi
944 1990 1113 2059 corriguntur
1124 1997 1203 2057 atque

406 2095 547 2151 sanantur,
556 2083 654 2139 donum
667 2081 713 2137 lici
721 2097 780 2137 esse
790 2080 964 2152 praedicamus
977 2097 984 2134 z
996 2081 1031 2134 ita
1042 2076 1203 2148 corripiendi

407 2183 471 2230 sunt
494 2174 624 2241 inlidelcs,
640 2174 682 2229 rel
696 2173 723 2228 in
736 2172 788 2227 lide
810 2187 862 2227 non
877 2178 1072 2241 permanentes,
1087 2183 1140 2223 noo
1152 2167 1202 2222 im·

408 2266 533 2336 pediento
560 2265 638 2319 teram
671 2262 866 2332 correptionem
900 2259 1089 2331 praedieatione
1111 2256 1204 2327 gratius

407 2356 467 2424 liei,
487 2371 546 2427 quae
565 2353 645 2410 iidem
667 2368 772 2424 quoque
793 2351 878 2422 ipsam
900 2362 927 2405 et
949 2353 977 2404 ιιι
990 2363 1021 2404 ea
1040 2347 1204 2418 permansio·

407 2461 470 2502 nem
482 2445 552 2501 dono
567 2443 615 2500 ttet
626 2458 687 2499 csse
700 2441 880 2509 commemini.
897 2439 965 2506 Quia
977 2438 1026 2492 etsi
1041 2451 1073 2492 ex
1089 2436 1141 2491 lide
1156 2439 1206 2489 irn-

406 2547 529 2609 petratur
551 2534 694 2605 sapientia,
709 2533 778 2587 sicut
799 2531 856 2600 ipse
870 2528 987 2583 lacobus
999 2541 1059 2581 cum
1084 2525 1205 2590 dixisset,

405 2629 440 2683 st
454 2628 510 2698 quis
532 2635 642 2680 oestruru
661 2622 754 2692 indiqet
781 2620 916 2692 snpientia,
933 2619 1039 2688 postulet
1054 2614 1146 2682 olleo,
1164 2615 1207 2685 qui

404 2721 453 2771 riui
474 2717 589 2771 ornnibus
605 2714 743 2784 effluenter,
757 2723 781 2766 et
798 2727 850 2764 non
870 2711 1034 2780 improperat,
1054 2719 1078 2760 rt
1100 2706 1199 2760 dubitur

406 2802 431 2856 ei
439 2818 450 2868 ,·
464 2815 526 2855 urox
540 2798 652 2861 addidit,
667 2795 781 2851 Postulet
794 2803 878 2846 outenr
893 2793 919 2845 in
934 2791 995 2861 pide,
1007 2790 1071 2844 nibil
1084 2789 1204 2843 lroesitons

409 2892 465 2961 (id.
484 2905 512 2955 r,
526 2889 553 2952 5,
570 2885 596 2959 op
612 2905 618 2941 :
635 2901 687 2940 non
700 2895 788 2940 taaren
801 2883 926 2954 quoniam
940 2880 1006 2936 lidcs
1026 2880 1104 2935 datur
1118 2879 1203 2949 prius·

409 2995 490 3052 quam
506 2979 655 3050 postuletur
668 2977 701 3032 ab
717 2975 762 3030 iiio
784 2974 826 3029 cui
841 2972 936 3040 datur,
958 2972 1018 3028 ideo
1041 2969 1151 3027 dicenda
1165 2981 1207 3025 cst

410 3090 464 3130 nou
479 3071 647 3129 essedorum
661 3069 728 3134 Dei,
744 3066 791 3123 scd
805 3080 892 3122 ossea
905 3065 1000 3132 nobis,
1015 3064 1075 3134 quia
1090 3063 1151 3117 data
1165 3071 1207 3117 est

411 3167 498 3232 nobis,
509 3180 562 3221 non
577 3161 728 3235 petentibus
742 3160 828 3214 nobis.
843 3158 987 3229 Apostolus
1006 3156 1077 3212 enim
1092 3155 1206 3225 apertis·

411 3259 478 3314 sime
494 3257 580 3313 dicit:
596 3252 656 3308 Poe
678 3252 799 3326 frutribus
817 3260 840 3305 et
858 3251 969 3306 elteritos
982 3265 1040 3303 euru
1060 3247 1111 3316 lide
1123 3264 1139 3300 a
1153 3244 1207 3300 ileo

412 3348 490 3403 Putre
501 3357 524 3402 et
542 3345 652 3401 Donrino
664 3344 727 3398 iesu
742 3342 843 3397 Cirristo
864 3339 970 3412 (Epires.
985 3356 1030 3407 tr,
1043 3336 1102 3411 ιδ).
1116 3341 1138 3393 tt
1152 3352 1206 3408 quo

411 3457 476 3512 erqo
502 3455 552 3509 par
578 3447 605 3494 ct
631 3435 765 3502 ebaritas,
788 3433 881 3488 abillo
900 3442 942 3488 est
962 3440 989 3487 ct
1003 3430 1081 3499 sides,
1098 3438 1208 3500 propter

412 3531 482 3602 quod
489 3531 522 3586 ab
537 3529 651 3584 illoeam
666 3542 718 3581 non
731 3527 816 3580 sotum
831 3523 921 3594 augeri
936 3522 1104 3587 lnbentibus,
1116 3535 1207 3575 rerum

412 3623 492 3677 ctiam
507 3635 560 3674 non
572 3616 731 3673 habentibus
747 3614 881 3685 poscimus
893 3611 962 3667 dari.

447 3714 492 3770 ld.
506 3711 598 3782 Neque
623 3709 685 3774 isti,
701 3715 810 3778 propter
833 3720 900 3776 quos
922 3704 980 3758 lraec
1005 3700 1139 3765 dicimus,
1160 3699 1206 3769 qui

415 3801 602 3875 predicatione
625 3795 865 3870 predestinationis
885 3802 912 3849 et
925 3792 1017 3864 gratiae
1042 3789 1207 3845 exhortatio-

415 3909 474 3948 nem
489 3891 625 3947 eianritant
635 3884 809 3958 impediri,ad
820 3885 876 3940 sola
885 3882 931 3937 iila
942 3880 1116 3936 exhortantur
1125 3877 1206 3946 dona,

415 3998 474 4055 quae
494 3995 547 4037 non
562 3995 577 4034 a
600 3980 655 4034 lieo
667 3976 725 4032 dari
738 4017 745 4041 ,
760 3974 805 4030 sed
820 3972 926 4028 anobis
942 3984 1002 4025 csse
1025 3965 1205 4032 contendunt,

414 4080 482 4133 sicut
493 4083 556 4131 sunt
574 4073 677 4128 initium
692 4069 770 4135 ιιι-ιιι,
784 4076 812 4123 ιι
827 4068 853 4121 iu
864 4080 896 4120 ca
911 4078 995 4133 usque
1010 4079 1035 4117 ιιι
1051 4061 1130 4116 lrncm
1145 4073 1208 4130 per·

415 4165 562 4223 severantia
579 4182 585 4217 :
599 4161 670 4234 quod
681 4161 772 4230 utique
787 4157 876 4212 lacere
888 4155 1017 4210 deberent
1033 4160 1082 4216 ,ιιι
1094 4160 1209 4204 tanturn·

415 4257 494 4313 modo
507 4254 628 4312 infideles
641 4252 812 4308 hortarentur
826 4256 855 4302 ut
868 4244 1018 4311 crederent,
1034 4251 1061 4298 et
1075 4241 1165 4297 lideics
1180 4249 1209 4295 ut

415 4348 525 4403 credere
540 4347 549 4378 ¹
563 4348 759 4416 permanerent.
774 4340 811 4394 Ea
834 4354 898 4392 vero
922 4351 982 4406 quae
1002 4333 1139 4389 uobiscum
1162 4330 1210 4386 lici

415 4441 485 4496 dona
496 4453 558 4494 esse
580 4451 633 4493 nou
649 4443 762 4505 erepant,
779 4441 808 4487 ut
828 4428 1150 4497 nobiseuml‘ciagianuur
1162 4425 1211 4480 de·

417 4532 560 4588 moliantur
582 4544 721 4593 errorem,
736 4526 804 4580 sicut
819 4532 860 4579 est
873 4521 1014 4593 pudicitia,
1028 4517 1209 4584 continentia,

417 4623 561 4693 patientia,
577 4630 603 4676 et
624 4627 720 4675 caetera
736 4616 830 4688 quibus
850 4622 922 4668 recte
936 4612 1049 4677 riritur,
1066 4618 1139 4665 etex
1160 4607 1212 4664 irde

418 4714 621 4783 irnpetrrrntura
647 4706 780 4771 liornino,
797 4703 897 4758 orarrda
910 4709 1061 4756 nronstrare
1082 4707 1109 4753 ct
1134 4713 1212 4753 orare

417 4803 503 4858 solurrr
519 4801 560 4856 rei
573 4799 623 4855 sibi
637 4797 678 4853 uel
692 4797 751 4851 aliis
764 4794 931 4858 debuerunt;
946 4805 999 4845 non
1013 4798 1100 4844 autent
1115 4804 1211 4859 quem-

418 4911 515 4965 quam,
530 4901 559 4947 ut
576 4907 607 4947 ea
629 4896 780 4960 capesseret
795 4893 823 4941 et
846 4883 990 4947 retineret,
1015 4879 1125 4935 hortari.
1145 4877 1212 4933 Cuur

419 5000 484 5040 rcro
506 4992 533 5039 ct
556 4981 589 5037 ad
602 4980 661 5035 hsce
682 4976 873 5038 exhortantur,
891 4982 919 5027 ut
934 4979 1061 5042 possunt,
1076 4980 1156 5039 atquc
1168 4984 1214 5023 ex-

419 5073 567 5132 trorteudos
580 5087 640 5129 esse
654 5069 778 5125 bomiucs
797 5065 973 5129 confitentur,
988 5063 1053 5119 satis
1064 5062 1157 5132 utiquc
1168 5077 1213 5117 os·

421 5167 546 5230 tendunt,
559 5179 608 5219 nec
622 5177 654 5218 ea
666 5158 852 5232 praedieatione
865 5153 988 5225 impediri
1002 5151 1213 5217 exhortationes,

419 5260 476 5313 sire
488 5256 520 5311 ad
531 5256 620 5321 tidem,
632 5254 689 5308 sire
700 5251 733 5307 ad
750 5249 973 5323 perseuerantiam
987 5246 1108 5318 usquein
1123 5245 1214 5310 duem,

419 5351 481 5416 quia
505 5357 532 5403 et
553 5347 603 5402 ista
616 5346 663 5401 liei
685 5343 755 5400 dona
768 5324 847 5406 essd,
860 5355 911 5397 nec
931 5356 946 5395 a
960 5355 991 5396 se
1003 5340 1061 5410 ipso
1074 5337 1213 5407 cuiquam,

421 5441 467 5496 scd
481 5441 515 5496 ab
529 5440 574 5494 ilio
587 5438 667 5493 tribui
682 5435 865 5507 praedicamus.

457 5534 501 5590 to.
522 5535 556 5590 dt
581 5531 663 5595 eninr,
682 5549 692 5582 ι
710 5529 775 5585 vitio
789 5542 838 5583 suo
863 5525 976 5598 quisque
998 5522 1098 5578 deserit
1117 5518 1214 5584 iidem,

421 5642 482 5680 curn
496 5625 567 5680 cedit
588 5623 728 5679 tentationi
749 5631 829 5692 atque
850 5617 998 5684 consentit,
1013 5631 1063 5686 qua
1086 5628 1146 5669 curu
1169 5611 1216 5667 ilio

421 5729 508 5789 agitur
522 5729 551 5772 ut
569 5716 676 5772 deserat
697 5714 785 5769 ltdcm.
801 5731 810 5765 ι
827 5711 893 5778 Quis
908 5709 1006 5782 negat?
1022 5706 1074 5762 Sed
1090 5720 1143 5759 non
1157 5702 1216 5758 idco

423 5809 534 5864 dicenda
559 5816 600 5862 cst
627 5807 653 5860 iu
677 5803 729 5859 lrdc
751 5801 945 5873 perseuerantia
969 5814 1022 5853 ιιιιι
1040 5812 1099 5852 csse
1115 5795 1215 5849 donurn

426 5900 481 5957 [tel.
497 5899 569 5956 ilaue
582 5915 653 5953 errnn
669 5895 785 5966 quotidie
796 5894 898 5964 poscit,
910 5892 953 5963 qui
968 5889 1049 5956 dicit,
1066 5885 1163 5942 Nenos
1176 5886 1216 5939 in·

485 6081 533 6125 tto.
545 6080 569 6125 ct
580 6079 628 6136 ιι,
647 6081 671 6123 ut
683 6071 813 6122 rrcdcrttcs.
833 6069 972 6121 aeduensis
985 6077 1036 6132 its,
1049 6074 1073 6118 nt
1085 6061 1186 6118 creduli.

933 582 1036 665 iiocn
1054 606 1099 663 os
1120 601 1211 661 aoso
1229 560 1537 667 perseverantie.

1975 609 2046 666 totu

1255 724 1320 793 leros
1333 722 1360 777 in
1374 722 1533 778 tentationem
1553 719 1660 794 (dont.
1672 735 1716 789 vt,
1730 721 1775 794 tt)
1788 738 1796 789 ;
1810 730 1838 779 et
1855 721 2044 789 emetitur,

1252 813 1322 868 trane
1347 813 1443 883 accipit
1460 831 1467 867 ι
1486 828 1517 869 ae
1542 830 1590 884 per
1608 813 1673 881 boc,
1695 813 1812 884 quotidie
1833 823 1861 869 ut
1889 825 2046 884 perseveret

1253 911 1358 972 petens,
1375 904 1494 974 prolecto
1507 905 1715 973 perseverantie
1736 919 1792 960 suro
1804 919 1880 974 spem
1894 920 1948 960 nou
1963 906 1990 961 iu
2013 920 2046 964 se

1231 1023 1233 1028 .
1252 995 1329 1064 ipso,
1344 993 1392 1050 sed
1415 993 1680 1066 iubeoponit.1igo
1702 1004 1791 1051 ιιιιιιιιι
1810 995 1872 1051 nolo
1883 1010 2045 1068 exaggerare

1253 1085 1320 1140 nrcis
1329 1083 1436 1150 rerbis,
1452 1086 1500 1139 sed
1513 1085 1565 1139 iliis
1575 1085 1744 1155 ooqiundum
1757 1086 1844 1155 potius
1858 1086 2001 1156 relinquo,
2015 1094 2045 1141 ut

1252 1169 1360 1227 rideant
1385 1175 1464 1243 quale
1477 1174 1513 1228 sit
1531 1174 1602 1244 quod
1624 1174 1675 1229 sibi
1698 1184 1903 1243 persuaserunt,
1918 1193 1928 1229 r
1943 1175 2043 1246 predi-

1253 1262 1357 1318 catione
1380 1262 1623 1334 proedestinatiouis
1646 1265 1815 1322 audientibus
1836 1266 1894 1335 plus
1915 1266 2046 1336 despen-

1254 1356 1333 1410 tionis
1345 1371 1425 1426 quam
1445 1356 1638 1411 exhortationis
1649 1355 1750 1412 alierri.
1766 1375 1776 1410 r
1795 1357 1851 1413 lioc
1862 1358 1986 1414 esteuiur
2004 1354 2056 1412 di·

1253 1459 1326 1511 ccro,
1343 1453 1406 1501 tunc
1417 1444 1452 1501 de
1464 1460 1512 1501 sua
1524 1447 1610 1502 salute
1624 1444 1760 1501 bominem
1775 1445 1928 1515 desperare,
1938 1445 2046 1518 quaudo

1254 1550 1329 1608 spem
1341 1550 1417 1591 suam
1438 1553 1492 1591 non
1507 1537 1533 1591 in
1554 1551 1584 1592 sc
1596 1536 1673 1607 ipso,
1685 1535 1770 1594 sedin
1789 1536 1845 1593 lico
1864 1537 1986 1594 didicerit
1995 1551 2046 1609 po·

1255 1642 1320 1682 nere
1339 1647 1345 1681 :
1361 1644 1421 1683 cunr
1444 1628 1573 1697 propbeta
1598 1629 1709 1693 clamet,
1731 1628 1884 1683 iloledictus
1897 1629 1978 1685 omnis
2002 1629 2047 1701 qrri

1254 1735 1324 1788 spem
1336 1719 1409 1773 lrabet
1420 1720 1447 1773 in
1459 1720 1560 1774 iornrine
1572 1718 1680 1789 (ierern
1692 1735 1763 1785 xru,
1776 1719 1821 1791 5).

1289 1811 1334 1865 ιι.
1357 1811 1420 1865 iiec
1432 1811 1520 1881 itaque
1540 1811 1689 1878 donatiui,
1707 1827 1767 1882 que
1781 1811 1880 1868 dantur
1897 1813 1990 1868 eiectis
2003 1826 2048 1871 te·

1257 1902 1372 1956 eundu'nr
1386 1903 1433 1957 lici
1454 1904 1619 1972 propositum
1634 1905 1752 1972 uocatis,
1765 1904 1793 1959 iu
1807 1904 1904 1974 quibus
1916 1904 1994 1960 donis
2004 1914 2048 1962 est

1256 2004 1283 2046 ιι
1306 1993 1423 2064 incipere
1435 1993 1546 2048 credere
1556 2035 1565 2059 ,
1577 2001 1604 2049 et
1618 1994 1644 2048 in
1660 1992 1712 2049 lide
1733 1993 1865 2064 usquead
1885 1993 1947 2049 rite
1967 1992 2047 2065 huius

1257 2082 1398 2137 terminum
1418 2098 1605 2152 perseuerare,
1628 2084 1696 2139 sieut
1715 2093 1788 2138 tanta
1813 2083 1945 2139 rationum
1968 2092 2048 2155 atque

1256 2173 1441 2227 auctoritatum
1452 2174 1646 2229 contestatione
1655 2174 1834 2245 probavimus
1845 2175 1914 2241 uae,
1927 2173 2047 2246 iuquam,

1257 2260 1305 2316 lici
1323 2261 1411 2329 dona,
1425 2262 1448 2317 si
1464 2264 1535 2318 nulla
1548 2272 1590 2319 est
1605 2263 1804 2334 predestinatio
1824 2279 1905 2334 quam
1924 2263 2049 2321 delendi·

1257 2367 1333 2416 mus,
1347 2368 1400 2407 non
1423 2353 1601 2422 praescidatur
1619 2369 1635 2409 a
1650 2353 1707 2410 lieo
1722 2371 1729 2408 ε
1744 2353 1921 2424 praesciuntor
1939 2362 2048 2421 autent

1259 2444 1316 2499 inec
1328 2452 1370 2498 cst
1384 2445 1463 2513 igitur
1474 2443 1672 2512 praedestinatio
1684 2460 1764 2515 qoam
1778 2444 1957 2501 defendimus.

1293 2530 1407 2589 carot
1430 2532 1523 2586 tttttt.
1537 2561 1574 2572 —
1587 2533 1664 2590 Unde
1675 2533 1817 2604 aliquando
1834 2533 1928 2590 cadem
1944 2532 2050 2604 prate-

1260 2619 1369 2675 stiaatio
1382 2621 1545 2691 sigrrtteatar
1557 2623 1636 2677 etiarn
1658 2623 1767 2678 nomine
1779 2623 1966 2692 prescientes,
1979 2621 2049 2678 sicet

1259 2712 1297 2765 ait
1308 2711 1468 2780 Apostolus,
1484 2711 1545 2766 Non
1565 2712 1657 2782 repulit
1669 2711 1738 2766 Deus
1754 2714 1953 2783 pleimundus,
1973 2727 2051 2783 ιιιιιι

1259 2803 1392 2872 prescivit.
1406 2801 1454 2856 liic
1465 2802 1536 2871 quod
1548 2802 1600 2868 ait,
1616 2801 1758 2872 prescint,
1772 2819 1826 2858 noo
1838 2812 1912 2858 recte
1924 2802 2051 2873 iutelligi-

1260 2903 1319 2960 tur,
1337 2893 1403 2959 uisi,
1425 2893 1622 2962 predestinavit
1638 2911 1645 2947 :
1660 2893 1733 2965 quod
1754 2894 1952 2950 circumstantia
1965 2893 2052 2965 ipsius

1260 2984 1401 3039 lectionis¹
1416 2984 1543 3041 ostendit.
1558 2984 1727 3058 loquebatur
1739 2986 1812 3041 eninr
1826 2984 1861 3041 de
1874 2985 1994 3057 reliquiis
2003 2985 2053 3043 lu·

1259 3074 1396 3138 duorum,
1410 3090 1470 3145 quae
1481 3074 1562 3129 saluae
1574 3073 1650 3129 laete
1660 3082 1738 3142 sunt,
1753 3074 1925 3144 pereuntibus
1935 3075 2051 3132 euteria

1259 3166 1326 3222 Nam
1340 3166 1463 3236 superius
1475 3166 1596 3232 dixerat,
1609 3166 1643 3221 ad
1666 3166 1747 3221 israel
1759 3165 1859 3221 dixisse
1871 3166 2051 3237 proplietam,

1261 3257 1325 3312 Toto
1337 3256 1378 3312 die
1386 3258 1487 3312 extendi
1498 3272 1588 3311 ιιιιιιιι
1597 3273 1665 3311 news
1674 3256 1708 3309 od
1718 3256 1840 3327 populum
1850 3272 1901 3310 non
1910 3255 2052 3311 credentem

1260 3358 1284 3402 et
1295 3347 1505 3402 contradicentem
1514 3355 1557 3402 :et
1566 3357 1691 3416 tanquam
1702 3344 1919 3416 responderetur,
1930 3344 1979 3401 libi
1989 3351 2053 3400 sunt

1261 3456 1324 3509 erqo
1338 3441 1415 3496 luctae
1426 3440 1616 3510 promissiones
1629 3439 1675 3493 Dei
1687 3438 1721 3494 ad
1733 3438 1835 3494 israeli
1849 3437 1978 3493 continuo
1990 3436 2054 3494 sub·

1260 3530 1356 3600 junxit,
1367 3529 1432 3585 Dico
1443 3547 1513 3600 erpo,
1523 3528 1655 3600 Nurrrquid
1667 3529 1760 3599 repulit
1771 3527 1840 3583 Deus
1850 3529 1947 3598 piebem
1957 3525 2054 3583 suurrtl
2086 3545 2094 3558 ·

1260 3620 1331 3675 elisit
1346 3638 1356 3674 .·
1370 3636 1431 3674 nont
1449 3628 1472 3674 et
1491 3636 1537 3690 epo
1548 3618 1667 3673 lsroelito
1685 3634 1741 3672 sunu
1759 3617 2053 3686 easendmdlrolront,

1262 3713 1327 3766 niiu
1337 3710 1488 3782 lienjonin'
1501 3729 1508 3764 ι
1521 3709 1646 3780 linquam
1659 3707 1846 3775 diserentium
1858 3715 1886 3762 et
1895 3723 1987 3778 egoex
1996 3707 2055 3778 ipsa

1261 3804 1339 3873 plebe
1352 3818 1424 3858 surrt.
1440 3801 1541 3856 betnde
1555 3800 1657 3855 addidit
1671 3799 1740 3854 unde
1761 3813 1832 3853 rruuc
1846 3798 1968 3868 aqimus,
1991 3795 2055 3853 ilos

1260 3899 1354 3967 repulit
1364 3897 1432 3951 Deus
1442 3896 1541 3966 plebem
1550 3910 1633 3961 suurn,
1642 3910 1719 3965 quern
1728 3891 1864 3963 proeseirit.
1876 3892 1964 3962 Atque
1973 3899 2002 3946 ut
2011 3905 2056 3948 os·

1262 3990 1385 4046 tenderet
1395 3988 1442 4043 lici
1454 3987 1540 4058 gratia
1554 3986 1636 4040 tuisse
1647 3984 1754 4039 relictas
1764 3982 1908 4053 reliquias,
1924 3996 1976 4037 nou
1994 3994 2054 4037 ure-

1261 4082 1320 4136 ritis
1332 4095 1443 4151 operum
1455 4092 1567 4141 eorum,
1581 4085 1689 4131 secutos
1701 4074 1841 4144 adjunxit,
1855 4073 1896 4127 dn
1909 4072 2009 4127 nescitis
2027 4071 2055 4125 is

1262 4172 1323 4226 Elio
1340 4171 1401 4241 quid
1421 4169 1483 4223 dreit
1503 4168 1657 4238 Scripturo;
1680 4164 1894 4237 quemadmodum
1911 4159 2056 4232 interpellet

1264 4265 1346 4319 Deum
1355 4263 1475 4317 aduersus
1485 4258 1620 4314 lsraeliet
1630 4265 1739 4314 ctctcro.
1752 4256 1805 4311 Sed
1815 4255 1877 4325 quid
1886 4255 1947 4309 dicit
1957 4253 2006 4320 illi,
2015 4251 2057 4308 iu-

1263 4357 1329 4427 quit,
1340 4370 1488 4424 respousurn
1498 4350 1628 4405 diuinum?
1637 4347 1738 4418 lieliqui
1751 4346 1813 4400 rrrilri
1822 4357 1915 4417 septem
1926 4344 2007 4401 nrillt'tt
2018 4343 2057 4398 ri·

1263 4464 1351 4503 rorum
1361 4486 1368 4509 ,
1380 4444 1423 4515 qui
1435 4458 1485 4497 non
1496 4447 1661 4496 cumoneruut
1677 4453 1743 4508 qenu
1759 4444 1818 4488 onte
1827 4433 1903 4488 Brut.
1913 4434 1971 4489 Non
1983 4431 2056 4494 euim

1264 4541 1311 4604 ait,
1324 4538 1424 4592 lieiicta
1438 4542 1500 4589 sunt
1511 4532 1590 4599 miiai3
1601 4538 1657 4597 aut,
1670 4528 1844 4597 llcliquerunt
1856 4540 1886 4581 sc
1900 4524 1965 4580 milri
1976 4539 1983 4577 ι
1994 4522 2055 4590 sed,

1265 4631 1354 4703 reliqui
1364 4628 1435 4683 nrilri.
1447 4625 1493 4682 Sic
1503 4640 1571 4696 erpo,
1587 4622 1681 4693 inquit,
1694 4629 1718 4676 et
1730 4619 1757 4675 in
1766 4619 1814 4674 lroe
1824 4627 1935 4689 tempore
1944 4615 2058 4686 reliquie

1265 4742 1309 4796 per
1318 4704 1463 4778 electionem
1473 4715 1581 4790 preties'
1595 4718 1747 4787 [uetuerunt.
1760 4710 1791 4766 Si
1800 4721 1883 4764 uuum
1894 4708 1976 4780 qrntio
1985 4747 1994 4775 ,
2000 4708 2059 4778 ianr

1266 4834 1317 4871 non
1327 4831 1359 4870 es
1374 4810 1509 4885 operibus,‘
1523 4806 1636 4877 alioquin
1651 4803 1733 4875 pretio
1739 4802 1796 4873 jort
1813 4816 1863 4854 non
1872 4808 1911 4855 est
1920 4799 2013 4870 pratu.
2024 4798 2060 4854 Et

1266 4914 1427 4962 connectens
1440 4901 1484 4956 ilia
1496 4913 1556 4970 quse
1564 4897 1619 4967 jam
1631 4908 1711 4962 supra
1725 4889 1881 4961 interposui,
1898 4887 1967 4955 Quid
1975 4888 2059 4960 eresi

1267 5009 1293 5057 et
1306 4999 1368 5054 lruic
1380 4989 1580 5062 interrogationi
1593 4984 1768 5057 respondeus,
1780 4981 1856 5050 Quat
1865 4980 2003 5051 querebat,
2014 4980 2059 5035 in·

1266 5092 1334 5162 quit,
1349 5086 1442 5150 irruet,
1454 5083 1502 5138 lroc
1512 5097 1562 5135 non
1573 5088 1610 5134 est
1623 5083 1790 5140 consecutus,·
1803 5070 1891 5127 electio
1902 5079 1988 5124 suunt
1995 5083 2060 5124 eos·

1267 5191 1352 5238 secuto
1361 5188 1413 5245 est;
1424 5177 1508 5232 reteri
1516 5188 1573 5228 nero
1585 5168 1703 5226 exemti
1714 5173 1773 5222 sunt
1784 5162 1873 5234 (non.
1885 5177 1914 5229 x,
1924 5159 2008 5230 ilar,
2020 5158 2059 5231 7).

1268 5278 1296 5331 ιιι
1310 5275 1360 5329 trac
1371 5286 1434 5341 ergo
1445 5268 1589 5342 electione,
1600 5271 1628 5320 et
1639 5262 1667 5318 in
1682 5259 1724 5316 iris
1735 5255 1865 5327 reliquiis.
1876 5267 1936 5324 quae
1946 5267 1995 5324 per
2005 5251 2062 5309 ele·

1268 5367 1383 5424 ctionem
1397 5361 1490 5434 gratiae
1504 5358 1581 5413 laetae
1600 5360 1681 5418 suut,
1695 5349 1780 5406 voluit
1799 5344 1911 5415 intelligi
1931 5343 2059 5414 ptebeu,

1268 5472 1347 5527 quam
1360 5461 1498 5525 propterea
1512 5449 1643 5503 berrsnoa
1652 5439 1758 5512 repulit,
1768 5436 1830 5508 quia
1843 5434 1986 5506 prescivit.
1996 5431 2061 5488 lirae

1268 5558 1310 5607 est
1323 5549 1366 5605 iila
1379 5546 1491 5610 electio,
1504 5555 1556 5611 qua
1567 5553 1614 5595 eos
1628 5547 1695 5608 quos
1706 5531 1808 5598 uoluit,
1821 5529 1903 5601 elegit
1913 5527 1941 5584 io
1951 5524 2060 5583 cbristo

1297 5753 1308 5821 Ι·
1328 5746 1404 5817 editt,
1417 5735 1596 5794 enemente
1611 5731 1687 5796 insius
1707 5727 1842 5783 ternae.
1853 5722 1939 5776 nebu
1948 5728 2012 5783 itas,
2025 5719 2061 5773 te-

1268 5819 1395 5928 ίιιξκιιῗιιιι,
1417 5863 1522 5916 detribu
1535 5857 1667 5934 neniornirr.
1689 5855 1778 5914 abest.
1795 5850 1840 5912 de,
1861 5845 2062 5909 amanuetpua

1270 5944 1295 5985 et
1310 5945 1390 5994 praeeo
1401 5937 1472 5979 textu
1489 5923 1601 5998 apostoli.
1787 5975 1793 5986 .
1941 5971 1947 5982 ι

1302 5999 1311 6028 ³
1329 6003 1352 6043 tn
1372 5992 1443 6041 utitis
1459 5989 1567 6047 additur,
1584 5982 1664 6037 salue.
1676 5986 1726 6030 non
1738 5983 1776 6027 cst
1786 5988 1812 6026 ru
1823 5981 1876 6025 ttss.
1886 5983 1966 6025 ocem
1981 5979 2063 6035 greco

1271 6067 1340 6115 textu
1354 6056 1462 6121 tpustoii.
