4900 6892
412 620 479 676 {527

410 737 497 790 dictus
510 731 644 803 opperior.
660 728 729 798 Quid
744 728 831 798 itaque
845 725 1019 796 respondebis
1040 725 1138 781 malam
1153 742 1200 786 ne·

411 836 497 879 turam
512 825 591 878 otiam
603 822 630 875 in
645 818 736 889 primis
750 818 903 872 bominibus
915 816 1123 886 luisscp'uranti‘l
1138 816 1201 871 Sine

410 916 491 989 dubio
513 914 623 977 referes,
643 912 724 964 beurn
745 910 915 965 formatorem
935 909 1071 964 bominum
1085 924 1138 963 non
1155 924 1202 978 pu·

412 1006 491 1060 tuisse
505 1004 602 1058 malum
617 1001 732 1056 condere
744 1000 815 1070 quod
828 999 936 1065 creant,
948 1010 974 1055 et
985 1000 1045 1055 ideo
1055 1001 1117 1070 quia
1131 1000 1201 1055 Deus

409 1096 453 1166 qui
466 1094 564 1148 nialum
580 1108 631 1145 nou
653 1090 731 1157 lacit,
746 1090 868 1145 bomines
886 1089 956 1153 lecit,
975 1105 1140 1160 nequaquam
1154 1105 1202 1145 eos

409 1182 657 1239 naturaliterrualus
667 1181 782 1250 probari.
794 1181 885 1235 Dixisti
896 1180 1005 1249 alicuid,
1015 1188 1042 1235 et
1055 1180 1198 1236 varaciter:

409 1277 456 1330 scd
470 1274 529 1329 vide
548 1282 634 1329 utrum
655 1273 706 1328 boc
726 1288 769 1327 me
788 1272 912 1328 debueris
932 1272 1057 1327 audiente
1070 1273 1198 1342 prolerre.

408 1366 465 1434 Qua
479 1365 549 1420 enim
565 1366 661 1419 virtute
684 1363 859 1418 blaoiclraeum
876 1363 1044 1418 eoricusseris
1070 1363 1201 1419 nonsatis

408 1469 473 1510 curo
490 1454 613 1509 :interim
629 1454 654 1507 in
673 1468 730 1508 mea
746 1460 818 1507 totus
829 1452 888 1521 jura
913 1452 1040 1506 transisti.
1055 1452 1138 1522 Capto
1153 1453 1199 1509 tibi

408 1549 460 1619 jam
476 1548 591 1603 delectat
609 1546 735 1608 illudere;
757 1545 860 1615 excipio
882 1545 979 1614 quippe
998 1559 1093 1614 magno
1106 1545 1199 1614 plausu

408 1641 599 1712 professionem
611 1648 692 1706 tuam,
705 1647 781 1708 teque
793 1646 821 1690 ut
830 1636 887 1705 ejus
896 1635 1048 1692 memineris
1058 1635 1198 1693 admoneo.

410 1734 540 1803 lliguimte
554 1732 626 1786 enim
636 1731 763 1796 auctoris,
773 1728 799 1783 id
812 1727 920 1791 astitui,
935 1726 979 1797 qui
991 1726 1088 1780 nmium
1100 1742 1151 1779 non
1161 1725 1201 1782 la·

408 1824 454 1889 cit,
467 1821 642 1894 pronuntiasti
655 1835 734 1890 opera
745 1819 803 1889 ejus
812 1819 880 1874 bona
891 1817 989 1873 debere
997 1818 1089 1872 asseri.
1100 1817 1199 1872 Omnes

406 1929 472 1984 ergo
487 1913 608 1966 immines
620 1910 653 1967 de
669 1909 787 1964 instituta
797 1924 812 1962 a
824 1910 878 1963 beo
890 1923 999 1962 sexuum
1010 1908 1199 1964 commixtione

407 2013 559 2073 generatos,
573 2018 587 2056 a
603 2004 668 2069 neo,
683 2017 716 2056 nn
729 2015 743 2053 a
756 1998 862 2054 diabolo
878 2000 932 2054 deri
949 1998 1044 2068 putas?
1058 1998 1111 2054 Sia
1126 1998 1197 2065 lieo;

408 2093 453 2161 uui
465 2108 511 2148 eos
520 2094 602 2148 audes
612 2107 673 2147 reos
683 2090 818 2159 malosque
828 2090 1010 2159 pronuntiare,
1020 2104 1079 2143 eum
1091 2090 1197 2143 unicum

408 2181 506 2238 dixeris
521 2196 580 2236 esso
600 2180 779 2236 testimonium
801 2180 885 2234 Adam
908 2179 963 2233 lieri
986 2179 1064 2235 malae
1083 2194 1137 2233 non
1150 2194 1198 2250 po·

408 2274 491 2327 tuisse
504 2280 615 2337 natura,
631 2272 691 2341 qrria
708 2269 858 2325 eonditusa
874 2269 929 2323 Deo
950 2268 994 2338 qrri
1008 2277 1049 2324 est
1071 2269 1196 2338 optimus,

409 2361 559 2416 iudicetur?
575 2360 604 2416 Si
624 2375 688 2431 crgo
709 2367 892 2430 argumentum
914 2358 982 2414 lorte
1001 2367 1054 2425 est,
1066 2359 1196 2430 perguod

406 2451 532 2507 credatur
550 2452 695 2522 primorum
719 2449 854 2505 honrinum
869 2464 914 2504 rea
928 2464 981 2504 uon
1004 2449 1122 2504 instituta
1135 2430 1197 2504 sr'rb·

405 2541 512 2608 stantia,
530 2541 580 2595 boc
595 2541 680 2610 ipsum
693 2541 755 2609 quia
768 2539 838 2594 [leus
851 2555 910 2593 earo
925 2538 1043 2594 condidit
1054 2554 1133 2610 quern
1146 2539 1196 2594 bos

406 2647 469 2686 num
481 2630 608 2694 latemur;
624 2639 745 2685 remanet
758 2628 821 2683 illud
839 2629 864 2682 iu
879 2628 1011 2683 excidium
1025 2628 1151 2694 traducis,
1167 2635 1197 2685 ιιι

404 2733 432 2778 et
444 2739 536 2778 onrrres
546 2721 579 2777 de
591 2722 714 2792 conjugio
725 2722 828 2792 genitos
839 2721 943 2790 iniquos
955 2721 1032 2775 coudi
1044 2736 1097 2776 non
1105 2735 1195 2791 posse,

406 2806 500 2860 eodem
513 2805 664 2859 testimonio
677 2805 875 2873 comprobetur,
888 2803 949 2872 quia
961 2804 1030 2857 Deus
1042 2819 1088 2859 eos
1100 2803 1196 2859 condi-

403 2895 453 2960 dit,
469 2910 548 2964 quem
561 2892 660 2947 bouum
674 2894 796 2948 latemur.
809 2892 854 2948 Sin
864 2902 953 2947 autern
963 2900 991 2948 et
1000 2894 1076 2962 post¹
1088 2892 1139 2947 boc
1153 2906 1195 2946 ra·

406 2987 481 3042 biens
509 2986 670 3057 impudentia
689 2987 778 3057 jurare
801 2987 956 3057 perstiterit,
976 2995 1003 3041 et
1022 3002 1038 3041 a
1063 2987 1117 3042 beo
1138 2985 1195 3040 lleri

405 3078 539 3147 parrulos,
554 3087 680 3133 ettamen
694 3078 778 3132 malos
790 3092 849 3132 esse
860 3090 907 3131 eos
920 3076 1074 3131 naturaliter
1084 3093 1090 3128 :
1100 3074 1195 3131 catlro·

404 3167 458 3223 lico
470 3169 588 3239 quidem,
603 3169 670 3223 sicut
684 3178 711 3224 et
732 3169 787 3223 boo
800 3178 901 3236 nostro,
917 3168 979 3222 nibil
995 3167 1036 3222 bis
1050 3167 1195 3222 mendaciis

406 3259 549 3329 praeiudicii
565 3268 733 3329 comparatur
751 3276 757 3312 :
773 3258 945 3313 blauiclraeurn
963 3269 1050 3313 tamen
1062 3267 1194 3313 coristata

405 3349 480 3403 robis
491 3358 670 3420 oppugnatum
690 3365 741 3404 uon
761 3364 831 3414 esse,
843 3351 887 3418 qui
899 3349 1011 3404 libenter
1022 3348 1092 3420 quod
1112 3350 1194 3405 Deum

405 3440 742 3510 crirninarisamplectitur;
756 3441 820 3496 illud
829 3442 873 3495 tibi
882 3442 1138 3512 perissccontentuS,
1148 3455 1196 3512 per

404 3529 474 3600 quod
485 3530 568 3584 Adam
577 3530 735 3586 conditionis
742 3532 817 3586 bone
825 3530 914 3586 lucras
923 3532 1070 3601 approbare
1076 3531 1193 3587 molitus.

441 3621 508 3676 doc.
528 3621 595 3676 Cum
619 3622 682 3676 mibi
705 3622 834 3678 adversus
858 3621 1032 3678 llanichaeunr
1058 3633 1195 3679 certamen

406 3709 563 3775 ineundum,
581 3710 680 3781 tibique
695 3711 868 3781 spectandum
883 3713 982 3767 diserta
997 3714 1117 3768 caecitate
1132 3727 1195 3783 pro·

406 3801 494 3866 porris,
514 3810 601 3869 partes
614 3809 672 3855 tuas
691 3801 855 3868 improvidus
874 3802 995 3867 subruis;
1020 3811 1047 3858 et
1061 3802 1195 3874 quonrodo

350 3904 352 3909 ·
406 3890 478 3945 illam
495 3893 657 3946 teterrimam
674 3892 754 3959 luem,
771 3908 850 3962 quam
863 3893 1139 3951 blarriibaeoiunestus
1150 3911 1195 3953 er·

406 3961 453 4034 ror
465 3981 579 4048 invexit,
597 3993 720 4053 tanquam
742 3983 869 4054 pestifero
883 3986 993 4056 adjures
1012 3986 1144 4059 dogmatis
1158 3990 1195 4045 tui

363 4114 369 4125 ,
405 4069 480 4134 datu,
496 4072 576 4126 ctiam
597 4072 638 4127 bis
659 4073 822 4142 bominibus,
839 4078 883 4147 qui
906 4091 955 4132 suo
970 4079 1194 4151 tardanturiugc-

405 4164 461 4230 nio,
478 4173 507 4218 ut
519 4173 629 4234 possent
642 4164 802 4237 intelligere,
817 4168 974 4237 prestitisti.
987 4167 1053 4223 Nam
1068 4185 1129 4225 cum
1149 4170 1195 4227 illa

404 4272 465 4326 aare
476 4256 510 4311 de
523 4258 583 4311 ritae
597 4257 675 4328 bajus
689 4260 809 4315 mortalis
827 4260 1061 4332 corruptibilisque
1080 4261 1195 4318 miseriis

405 4347 513 4417 copiose
527 4357 553 4403 et
567 4347 680 4405 lacunde
694 4350 794 4415 dixisti,
809 4352 923 4406 audierit
936 4352 1049 4422 quisque
1068 4353 1110 4409 rel
1124 4354 1195 4425 lege-

405 4440 450 4504 rit,
464 4454 523 4494 rora
541 4448 567 4495 te
582 4439 664 4496 luisse
677 4451 858 4511 prosecutum,
874 4458 926 4496 non
940 4443 1028 4497 solum
1042 4443 1068 4497 in
1082 4451 1127 4498 tuo
1138 4459 1196 4500 ser-

405 4547 494 4599 mone,
510 4548 602 4588 rerum
617 4532 643 4587 in
666 4532 731 4601 ipsis
743 4548 849 4603 quoque
869 4533 992 4588 humanis
1014 4534 1093 4589 rebus
1113 4550 1195 4605 agno-

405 4631 471 4678 scet.
494 4623 639 4678 blanicbteo
663 4623 770 4692 quippe,
786 4623 830 4676 cui
849 4625 921 4678 velut
940 4625 1068 4680 adversos
1083 4641 1132 4682 nos
1153 4627 1194 4681 lo-

404 4715 495 4784 quenti
509 4715 587 4769 rerba
602 4714 697 4779 iecisti,
714 4713 778 4768 nilril
791 4728 915 4785 maguum
926 4724 968 4768 aut
984 4715 1092 4774 difficile
1106 4719 1153 4773 luit
1169 4720 1195 4774 in

405 4806 456 4860 bac
467 4807 571 4861 mortali
585 4807 648 4871 rita,
667 4822 726 4877 quae
738 4817 765 4861 et
786 4806 819 4861 de
834 4807 957 4862 felicitate
972 4810 1086 4878 paradisi
1101 4813 1196 4868 merito

405 4897 506 4963 peccati
519 4896 602 4966 eiecta
617 4908 697 4967 atquo
711 4897 813 4968 deiecta
825 4907 865 4953 ost
876 4899 897 4965 ¹,
913 4899 963 4953 ista
983 4913 1042 4969 quac
1055 4901 1102 4956 abs
1117 4911 1142 4957 te
1162 4904 1196 4960 de
1210 4914 1212 4916 ’

405 4986 449 5041 illa
461 4986 530 5040 dicta
548 4994 609 5040 sunt
629 4989 741 5054 intueri;
756 4999 782 5044 et
794 4991 850 5045 sire
862 5000 889 5044 ut
905 4998 943 5057 tu,
959 4990 1016 5046 sive
1030 4991 1139 5048 uberius
1153 5002 1195 5048 at-

404 5087 456 5144 quc
474 5076 617 5144 copiosius,
639 5085 727 5131 tameo
751 5078 845 5133 eadem
866 5080 920 5148 ipsa
935 5081 1046 5150 garrire,
1067 5098 1126 5151 aaa
1142 5092 1194 5138 tam

404 5164 544 5220 manifesta
560 5176 633 5232 sum,
647 5167 764 5222 utetiam
779 5167 975 5241 Scripturarum
994 5171 1141 5229 divinarum
1157 5175 1196 5229 lo·

404 5260 443 5313 cis
463 5257 583 5328 plurimis
610 5258 780 5325 lectitentur,
814 5260 847 5315 dc
874 5263 1053 5333 corruptibilis
1075 5268 1195 5336 eorporis

404 5363 496 5412 onere,
509 5357 580 5404 etex
598 5349 663 5403 illo⁸
676 5351 772 5405 animat
787 5354 973 5421 aggravatione
985 5355 1126 5411 venientia.
1140 5358 1194 5414 Un-

403 5439 437 5492 de
450 5448 477 5493 et
489 5438 515 5492 in
527 5440 636 5503 sanctis,
651 5441 767 5509 inhujus
780 5442 840 5496 ritae
853 5457 938 5513 agone
947 5444 1116 5510 luctantibus,
1130 5461 1194 5503 caro

404 5529 566 5598 concupiscit
584 5528 711 5585 adversus
734 5532 865 5601 spiritum,
889 5545 916 5587 et
939 5534 1047 5604 spiritus
1067 5536 1195 5593 adversos

403 5632 511 5674 carnem
528 5617 624 5692 (Galat.
638 5634 667 5685 r,
679 5619 724 5691 ιι)
742 5639 747 5674 ;
764 5636 824 5676 curn
846 5623 966 5692 spiritus,
990 5626 1058 5682 sicut
1078 5627 1115 5682 ait
1134 5627 1194 5699 glo·

403 5710 570 5765 riosissimus
582 5709 738 5780 Cyprianus,
754 5714 871 5769 coelcstia
885 5725 964 5786 atque
977 5717 1069 5773 divina
1086 5721 1192 5790 quarte,

402 5817 468 5857 caro
489 5813 593 5858 terrena
615 5812 643 5858 ct
664 5803 799 5859 saecularia
822 5808 985 5879 concupiscit
1007 5808 1058 5881 (lle
1071 5809 1192 5867 Oratione

435 5915 444 5946 ⁸
462 5917 606 5979 t'tgoierius,
621 5914 708 5979 potito.
721 5924 783 5978 tiss,
795 5924 855 5980 post.

435 5967 448 6058 ζ
461 5977 497 6027 sic
507 5984 559 6027 ιιι.
569 5984 594 6026 tt
607 5978 676 6036 editi,
689 5979 781 6028 detecta
790 5985 833 6049 est.

462 6044 534 6088 teau
544 6039 621 6090 codex
633 6046 699 6100 tter..
710 6038 836 6092 etexrlla.

745 611 867 670 orunts
886 610 1089 668 tttrttulttctt
1109 610 1244 669 contat
1264 608 1444 676 JUleNUll,
1463 607 1492 668 S.
1513 609 1697 670 tuuusrtrtt

1976 616 2048 677 lbi!

1257 722 1414 795 Dandaricae).
1429 723 1496 779 Hinc
1515 735 1556 780 est
1570 724 1615 781 ille
1628 724 1777 793 mendicius,
1790 740 1870 795 (sstem
1885 741 2049 789 memoratas

1256 824 1357 886 martyr
1370 814 1396 869 iu
1407 815 1484 883 libro,
1497 830 1576 885 quern
1590 815 1624 870 de
1636 815 1795 874 ttortdnate
1804 821 1976 891 ctrnseripsit,
1986 823 2049 880 dili·

1254 914 1349 974 genter
1370 912 1398 959 et
1415 904 1569 974 eloquenter
1591 906 1716 976 explicat,
1736 907 1828 962 dicens
1850 909 1920 966 inter
1940 923 2048 983 caetera,

1255 992 1326 1063 quod
1339 994 1416 1049 nobis
1432 995 1467 1049 sit
1479 1010 1539 1050 curn
1558 997 1709 1052 carnalibus
1723 998 1795 1053 vitiis
1811 1012 1893 1070 atque
1914 1002 2049 1064 illecebris

1254 1086 1426 1141 sacularibus
1448 1087 1554 1142 assidua
1575 1096 1602 1143 et
1622 1089 1735 1144 molesta
1757 1091 1877 1148 luctatio.
1902 1093 1964 1150 Jam
1984 1112 2049 1155 rero

1253 1175 1347 1232 beatus
1366 1176 1511 1247 Gregorius
1534 1177 1585 1234 boc
1605 1189 1751 1248 certarnen,
1773 1183 1843 1252 quod
1868 1183 2000 1242 babemus
2021 1189 2048 1245 in

1253 1280 1365 1336 corpore
1376 1268 1469 1323 mortis
1482 1267 1571 1337 brrjus,
1585 1270 1624 1323 sic
1637 1278 1700 1326 ante
1713 1273 1805 1327 oculos
1817 1279 1900 1343 pouit,
1917 1286 1948 1332 ut
1961 1279 2049 1336 nullus

1253 1357 1288 1410 sit
1300 1356 1379 1427 hujus
1392 1359 1485 1428 agonis
1496 1358 1605 1425 athleta,
1616 1361 1660 1430 qui
1674 1374 1726 1416 non
1740 1376 1770 1417 sc
1779 1362 1806 1418 iu
1818 1364 1908 1420 verbis
1921 1367 1981 1437 ejas
1991 1378 2050 1425 tas·

1252 1460 1332 1515 quam
1347 1446 1372 1500 in
1388 1448 1497 1517 speculo
1511 1458 1693 1518 recognoscat.
1708 1449 1784 1504 lutra
1801 1455 1982 1524 nornretipsas,
2003 1457 2047 1513 iu·

1252 1537 1320 1607 quit,
1333 1539 1443 1608 propriis
1456 1539 1521 1593 uitiis
1540 1550 1564 1593 et
1582 1540 1740 1608 passionibus
1755 1543 1948 1614 intpugnamrtr,
1970 1556 1994 1600 et
2006 1549 2048 1604 dis

1252 1638 1375 1700 noctuque
1392 1631 1478 1701 ignitis
1498 1632 1606 1686 stiruulis
1627 1634 1740 1702 corporis
1759 1636 1907 1692 humilitatis
1927 1638 2006 1709 buius
2023 1650 2048 1696 et

1251 1722 1363 1793 eorporis
1377 1723 1465 1776 nrortis
1477 1739 1596 1793 urgemur
1605 1739 1614 1777 .·
1622 1740 1688 1778 nunc
1700 1726 1817 1791 latenter,
1830 1745 1898 1782 tratre
1908 1732 1987 1784 etiam
2000 1749 2046 1795 ps-

1252 1812 1303 1865 lam
1324 1814 1516 1882 procurantibus
1532 1815 1622 1886 ubique
1642 1824 1665 1870 et
1685 1817 1842 1874 irritantibus
1864 1838 1950 1876 rerum
1964 1824 2047 1879 rote

1251 1903 1312 1956 lium
1327 1903 1459 1970 illecebris,
1478 1906 1531 1959 luto
1550 1907 1597 1959 lroc
1611 1909 1681 1977 [oeeis
1700 1909 1742 1961 cui
1761 1910 1907 1966 indusimus
1927 1916 1994 1968 cerri
2005 1917 2046 1973 sai

1251 1995 1355 2064 [ctorem
1372 1995 1441 2049 verris
1453 1995 1625 2064 capacioribus
1640 1997 1790 2066 ealrclantn
1811 2000 1855 2053 scd
1871 2013 1896 2055 et
1915 2002 1973 2073 lege
1988 2021 2045 2074 pec·

1250 2084 1310 2148 cati,
1325 2099 1382 2153 qaoe
1393 2086 1463 2139 estin
1473 2085 1589 2140 mentiris
1599 2088 1700 2151 nostris,
1715 2089 1765 2158 legi
1778 2090 1883 2159 spiritus
1903 2109 2045 2164 repugare*

1251 2182 1282 2238 te,
1299 2173 1360 2226 dant
1374 2175 1510 2245 imaginem
1524 2177 1619 2246 regiain
1633 2193 1690 2246 gaoe
1703 2178 1770 2232 intra
1787 2196 1832 2233 nes
1844 2192 1897 2247 est,
1919 2185 2044 2251 capitu·

1250 2264 1339 2318 daem
1349 2265 1448 2329 rtadet;
1461 2276 1487 2318 at
1500 2267 1589 2335 spatiis
1601 2268 1656 2336 ejas
1670 2271 1761 2336 cedat,
1781 2269 1905 2340 quidquid
1918 2272 1987 2326 iliad
1997 2283 2042 2341 est,

1248 2355 1354 2424 quadiu
1370 2372 1415 2410 ncs
1425 2357 1545 2427 beneficio
1559 2359 1651 2414 dature
1662 2375 1693 2412 ac
1705 2361 1794 2431 prinae
1805 2361 1877 2416 illius
1893 2364 2044 2421 conditionis

1248 2448 1351 2520 inducit
1365 2449 1453 2523 (Grep.
1474 2451 1601 2507 Nasicas.
1621 2454 1649 2508 in
1669 2455 1795 2526 Apologia
1811 2457 1821 2510 l
1845 2458 1878 2511 de
1894 2475 1944 2513 sita
1961 2461 2043 2532 fuge).

1249 2541 1313 2596 llaec
1327 2543 1407 2598 rerba
1429 2543 1544 2599 bominis
1558 2545 1616 2612 bei,
1630 2555 1657 2600 et
1676 2546 1703 2600 iu
1724 2548 1841 2602 serundo
1854 2548 1926 2603 libro
1939 2549 2043 2607 illoru-

1249 2647 1298 2688 scx
1311 2649 1378 2703 quos
1391 2643 1485 2690 contra
1501 2645 1559 2692 tuos
1568 2645 1681 2707 quatuor
1688 2637 1759 2693 edidi
1771 2637 1848 2710 (Cup.
1863 2641 1904 2710 ὅ),
1918 2650 1948 2696 et
1958 2642 1986 2696 iu
1995 2643 2043 2698 bec

1249 2739 1331 2793 opere
1343 2727 1419 2794 posui
1432 2725 1500 2798 (tit.
1518 2728 1543 2790 l,
1555 2744 1612 2798 cap.
1624 2729 1670 2798 dl>
1682 2743 1743 2784 cum
1759 2739 1804 2785 tuo
1817 2731 1905 2801 primo
1917 2732 2043 2790 volumini

1248 2815 1449 2884 responderem,
1463 2817 1508 2872 abi
1518 2831 1615 2887 corpas
1625 2820 1727 2885 mortis,
1743 2819 1777 2875 de
1790 2835 1843 2890 uuo
1855 2836 1886 2876 se
1898 2821 1965 2877 dicit
1976 2831 2043 2894 Ape·

1248 2905 1334 2960 stolus
1350 2905 1399 2960 bei
1413 2908 1496 2976 gratia
1510 2907 1617 2963 liberari
1628 2909 1715 2980 (Runa.
1725 2926 1771 2973 ru,
1782 2911 1897 2981 MS),
1910 2913 1992 2969 aliter
2002 2915 2041 2969 ιι-

1248 2994 1418 3064 telligcndum
1434 2998 1540 3065 putasti.
1553 2998 1586 3053 Ει
1598 3010 1705 3053 strictus
1718 3000 1877 3057 Artabrosius
1887 3017 1950 3058 cum
1962 3004 2042 3060 dixis

1248 3092 1299 3151 set,
1316 3084 1409 3141 Omnes
1422 3087 1535 3143 domines
1544 3091 1590 3142 sab
1600 3100 1700 3160 peccato
1714 3092 1857 3158 ιιιιιεὶιιιιιι,
1868 3109 1979 3162 quorem
1992 3095 2042 3165 ipss

1247 3184 1319 3231 ortus
1329 3178 1355 3230 in
1361 3179 1422 3233 nitio
1428 3189 1474 3246 cst,
1484 3180 1549 3234 sieut
1559 3181 1634 3236 bala
1642 3181 1744 3249 lectuna,
1755 3183 1853 3237 dicente
1860 3183 1972 3254 Derid,e
1979 3187 2042 3243 Eece

1247 3270 1314 3323 eninr
1325 3271 1352 3323 in
1361 3270 1532 3341 iniquitatibus
1544 3282 1678 3343 conceptus
1692 3290 1758 3339 snm,
1768 3285 1791 3328 et
1799 3275 1825 3328 in
1832 3275 1932 3330 delictis
1947 3278 2042 3350 pepar’t

1247 3375 1288 3413 rue
1307 3368 1385 3415 ιιιιιιεν
1401 3378 1465 3427 orca,
1482 3380 1491 3412 ι
1515 3363 1637 3431 protinus
1657 3362 1778 3433 subjecit,
1800 3362 1865 3419 ldeo
1888 3365 1969 3422 Pauli
1983 3384 2041 3424 ears

1247 3466 1340 3521 cerpus
1352 3453 1438 3506 mortis
1448 3463 1512 3517 nat,
1527 3455 1658 3523 sicutipse
1671 3455 1716 3520 ait,
1731 3474 1740 3506 ι
1758 3456 1821 3523 Quis
1835 3474 1876 3511 nre
1888 3458 2043 3516 ιιιιτιιιιιιι

1247 3558 1353 3614 corpure
1369 3547 1456 3598 mortis
1475 3546 1573 3615 liujus»
1590 3544 1641 3615 (lle
1654 3543 1823 3615 Poeniterrtia,
1842 3548 1889 3603 lib.
1911 3551 1938 3616 l,
1951 3568 2011 3622 cap.
2021 3551 2042 3608 ,ι

1247 3636 1286 3691 ael
1298 3636 1346 3708 dli
1360 3635 1428 3705 Quid
1443 3651 1506 3706 ergo
1520 3637 1616 3691 miram
1638 3646 1694 3702 cst,
1713 3639 1736 3693 si
1749 3638 1913 3696 llanicbarus
1936 3643 2041 3701 intuear

1247 3726 1317 3781 mala
1332 3726 1410 3795 liujus
1421 3726 1490 3791 rita,
1506 3735 1534 3780 et
1547 3741 1645 3797 corpus
1659 3729 1754 3783 mortis
1768 3728 1847 3799 hujus
1860 3731 1933 3800 quod
1948 3747 2041 3803 aggra-

1248 3828 1293 3874 vat
1306 3819 1433 3886 animam,
1448 3829 1476 3874 et
1488 3818 1648 3874 discordiam
1663 3821 1752 3875 carnis
1771 3831 1800 3876 et
1818 3823 1940 3893 spiritus,
1956 3833 1984 3879 et
1997 3823 2040 3894 iu·

1247 3925 1310 3982 gum
1321 3925 1403 3982 grave
1419 3925 1500 3980 super
1514 3910 1585 3966 tilios
1599 3911 1683 3968 Adam
1704 3928 1719 3966 a
1737 3912 1781 3999 die
1801 3915 1889 3970 exitus
1904 3915 1939 3971 de
1950 3926 2042 3973 ventre

1248 4000 1341 4055 matris
1362 4015 1454 4057 eorum
1478 4016 1562 4071 usqne
1584 4002 1611 4056 in
1633 4002 1704 4057 diem
1725 4004 1868 4073 sepulture
1882 4007 1909 4060 ιιι
1928 4016 2041 4063 usaue·

1247 4091 1367 4146 omnium
1385 4091 1478 4162 (decli.
1494 4108 1538 4158 xc,
1552 4090 1591 4164 ι),
1605 4092 1669 4147 dicit
1684 4094 1744 4148 talia
1760 4097 1840 4151 etiam
1859 4111 1909 4168 per
1921 4113 1955 4153 os
1969 4108 2041 4155 tuan

1247 4185 1323 4253 quasi
1336 4192 1429 4238 curura
1442 4198 1502 4248 nos,
1519 4183 1608 4253 qualia
1629 4184 1749 4241 ridemus
1762 4186 1862 4242 dixisse
1882 4187 2042 4259 dugunnu

1248 4282 1340 4328 eontra
1353 4276 1417 4330 vosl
1430 4274 1504 4329 Unde
1522 4283 1626 4329 constat
1642 4276 1712 4330 mala
1725 4276 1785 4331 rite
1805 4277 1896 4346 bajus,
1908 4294 1971 4348 qrrae
1983 4288 2040 4336 tett-

1249 4367 1313 4421 tatio
1329 4376 1463 4436 estsuper
1482 4374 1579 4422 terram
1592 4365 1654 4437 (Iob
1666 4383 1712 4432 ru,
1728 4369 1754 4431 l,
1767 4385 1818 4423 sec.
1829 4369 1925 4442 Lxx),
1945 4373 2042 4441 qulbus

1247 4459 1325 4513 malis
1338 4459 1365 4512 in
1377 4473 1475 4527 genere
1487 4457 1604 4513 bomano
1615 4466 1723 4528 propter
1730 4459 1823 4528 jugum
1833 4476 1914 4530 grave
1925 4462 2041 4518 lilioru-

1248 4550 1333 4605 ddam
1345 4565 1361 4604 a
1372 4550 1415 4604 die
1429 4551 1517 4606 exitus
1529 4550 1563 4606 dc
1579 4561 1673 4623 uentre
1691 4554 1782 4608 matris
1800 4568 1893 4608 eorum
1910 4571 1997 4627 usque
2015 4558 2040 4612 ιι

1248 4641 1319 4695 diem
1330 4641 1474 4710 sepulture
1488 4642 1514 4695 in
1528 4650 1641 4697 matrem
1655 4645 1785 4709 omnium,
1801 4645 1897 4713 plenus
1909 4657 1953 4702 cst
1965 4664 2042 4703 ruun-

1247 4731 1308 4798 dus,
1321 4741 1348 4786 et
1358 4730 1517 4787 llanicbaeos
1526 4741 1586 4787 c'um
1600 4732 1743 4788 Catholicis
1757 4734 1894 4801 coniteri;
1910 4737 1959 4792 sed
1973 4737 2040 4795 unde

1248 4823 1302 4876 siut
1314 4822 1382 4888 baec,
1397 4836 1449 4876 non
1462 4830 1589 4892 utrosque
1604 4822 1673 4878 idem
1687 4824 1788 4891 dicere,
1802 4833 1829 4880 et
1841 4841 1966 4897 magnam
1980 4829 2040 4887 bine

1249 4914 1317 4968 inter
1337 4916 1401 4970 eos¹
1423 4930 1484 4970 csse
1504 4916 1670 4982 distantiam3
1692 4917 1763 4987 quod
1782 4932 1813 4972 ea
1832 4918 1973 4976 llardcbaei
1996 4924 2040 4979 tri·

1248 5005 1332 5060 buunt
1344 5006 1438 5061 alienae
1453 5015 1554 5061 naturae
1565 5007 1652 5071 malae,
1666 5007 1795 5064 Catholici
1807 5025 1871 5064 vero
1882 5019 1913 5066 et
1927 5012 2040 5069 bonzeet

1250 5107 1363 5164 nostra,
1386 5099 1432 5152 sed
1453 5106 1562 5168 peccato
1583 5098 1682 5153 vitiata
1705 5100 1853 5170 meritoque
1874 5103 1985 5171 punita.
2002 5102 2039 5158 Ta

1248 5189 1292 5258 qui
1308 5204 1361 5245 non
1380 5191 1421 5244 ris
1433 5190 1503 5260 quod
1522 5190 1635 5247 dicimus
1656 5192 1765 5256 dicere,
1790 5193 1848 5262 ipse
1870 5196 1935 5264 quid
1956 5195 2036 5251 dicis!

1248 5280 1388 5347 Quomodo
1405 5280 1551 5335 ttaniebam
1571 5282 1718 5352 respondes
1732 5283 1801 5338 unde
1814 5285 1868 5339 sint
1888 5285 1949 5340 lraec
1960 5286 2036 5353 mals,

1248 5385 1309 5424 curu
1328 5370 1425 5439 quilius
1448 5382 1592 5425 naseuntur
1615 5371 1753 5439 homines,
1775 5382 1803 5428 et
1827 5390 1888 5444 «puae
1909 5376 1937 5431 in
1962 5392 2037 5447 para·

1248 5462 1307 5517 diso
1337 5478 1389 5518 nou
1420 5473 1593 5518 nascerentur
1622 5464 1645 5518 si
1675 5480 1754 5520 nemo
1777 5475 1934 5534 peccasset,
1962 5478 2038 5537 atque

1250 5553 1284 5608 ibi
1309 5568 1361 5607 non
1382 5552 1536 5623 depravata,
1561 5553 1608 5609 scd
1629 5563 1702 5609 recta
1724 5564 1815 5609 nostra
1837 5564 1950 5622 antara,
1974 5556 2037 5613 simi

1248 5642 1355 5699 condita
1377 5654 1436 5712 est,
1462 5654 1628 5713 permaneret
1641 5645 1668 5699 ἰ
1695 5644 1723 5701 Si
1750 5646 1841 5701 vitium
1867 5647 2036 5718 congenitus

1248 5746 1307 5800 est,
1333 5751 1387 5807 quo
1411 5751 1475 5791 caro
1497 5736 1663 5806 concupiscit
1687 5737 1815 5792 adsersus
1837 5737 1987 5808 spiritura,
2012 5744 2038 5794 ot

1248 5847 1303 5888 non
1322 5842 1363 5886 est
1381 5846 1414 5886 ex
1430 5840 1523 5886 natura
1547 5832 1574 5886 in
1592 5833 1695 5903 origine
1711 5834 1818 5901 sitiam,
1845 5834 1890 5889 die
1902 5836 1974 5892 unde
1985 5832 2038 5892 sut

1281 5985 1289 6015 ¹
1309 5987 1332 6033 ιι
1368 5986 1451 6043 iccius,
1463 5997 1510 6033 cos.
1524 5993 1587 6045 tiss,
1598 5998 1646 6037 ecs.

1281 6047 1291 6077 ¹
1339 6048 1375 6107 ιιι,
1393 6047 1568 6107 persumme?
1586 6047 1677 6104 terius,
1700 6044 1876 6105 permutaret!
1890 6055 1918 6100 ut
1937 6050 1962 6099 ιιι
1975 6043 2037 6096 aud-
