4900 6892
376 688 445 742 {005

372 813 453 877 rina,
468 808 642 865 adhibeamus
661 807 792 863 auditum.
814 806 871 862 llon
889 816 966 862 orant
979 822 1012 864 ex
1032 804 1090 871 eis,
1105 805 1167 877 qnia

370 916 427 956 non
441 910 516 956 erant
528 898 675 957 secundom
688 899 853 970 propositam
865 898 952 953 uocati
963 915 969 952 :
982 912 1036 953 non
1050 906 1127 953 erant
1141 896 1167 950 in

369 991 480 1047 cbristo
495 990 572 1048 electi
585 999 647 1047 ante
661 990 877 1047 constitutionem
892 988 1002 1055 mundi,
1025 1003 1078 1044 non
1091 997 1169 1060 eraut

287 1148 290 1153 Ι
368 1081 399 1135 in
419 1096 452 1138 en
474 1091 571 1138 sortem
586 1081 740 1147 consecuti,
756 1095 809 1137 non
830 1087 907 1136 crant
925 1078 1107 1151 praedestinati
1122 1092 1167 1133 sc·

368 1175 489 1229 eundum
501 1173 665 1246 propositam
676 1175 742 1243 ejas,
753 1172 798 1244 qui
811 1172 934 1228 universa
948 1181 1086 1240 operatur.
1101 1170 1167 1226 llam

368 1266 394 1321 si
409 1264 571 1330 bocesscnt,
586 1280 619 1321 ex
632 1264 685 1321 illis
695 1273 796 1331 essem,
812 1273 838 1319 ct
848 1279 909 1320 cum
924 1263 977 1318 illis
990 1263 1049 1319 siue
1063 1262 1169 1319 dabita-

368 1359 445 1414 tione
457 1356 630 1414 mansissent.

407 1449 453 1504 22.
469 1448 504 1506 Ut
520 1450 592 1506 enim
608 1465 659 1504 nou
675 1447 761 1505 dicam
779 1463 858 1521 qaam
881 1448 917 1504 sit
941 1448 1068 1519 possibile
1091 1448 1166 1508 ben.

368 1557 481 1598 auersas
493 1550 521 1598 et
534 1541 660 1597 aduersas
675 1542 701 1596 in
722 1540 801 1597 ladem
815 1555 890 1596 suam
904 1540 1041 1595 homiuum
1053 1554 1167 1594 conaer-

369 1642 429 1688 tere
443 1633 601 1696 atalantates,
615 1642 642 1688 et
656 1633 683 1687 in
697 1647 790 1688 cotuau
800 1632 925 1687 cordibus
935 1631 1051 1701 operari,
1067 1641 1096 1685 ιιι
1109 1630 1168 1685 aul·

369 1726 405 1782 lis
424 1725 631 1782 adversitatibus
650 1726 763 1792 cedant,
780 1739 830 1780 nee
844 1725 877 1779 ab
891 1723 937 1780 illo
948 1725 1034 1792 aliqua
1048 1722 1166 1795 superati

370 1818 521 1873 tentatione
531 1817 690 1881 discedant;
706 1831 766 1872 cum
779 1815 865 1888 possit
878 1826 906 1870 et
920 1813 989 1886 qued
1003 1813 1040 1871 ait
1050 1814 1166 1884 apostu-

371 1907 415 1963 lus
429 1907 534 1973 acere,
547 1918 575 1963 at
588 1923 639 1963 non
654 1923 702 1966 eos
713 1907 847 1980 permittat
858 1908 953 1964 tentari
968 1922 1049 1976 saper
1060 1905 1085 1960 id
1097 1905 1166 1976 quud

372 2007 484 2067 possunt
498 1997 519 2072 (l
531 1995 591 2054 Cer.
607 2016 643 2066 t,
661 2000 704 2069 lb)
720 2016 726 2053 :
743 2007 771 2053 at
787 2013 852 2068 ergo
866 1997 892 2052 id
907 2013 959 2051 noa
971 1996 1057 2049 dicam
1071 2036 1077 2060 ‚
1093 2007 1166 2051 certe

371 2101 476 2162 poterat
490 2093 548 2148 illos
562 2093 631 2148 Deus
646 2092 790 2163 presciens
804 2106 864 2148 esso
878 2092 1010 2161 lapsuros,
1022 2102 1165 2160 antequam

370 2182 399 2238 td
417 2183 511 2248 sacret,
532 2183 680 2239 atalerrede
692 2182 741 2238 bae
754 2184 818 2237 tila.
830 2184 870 2237 An
886 2198 918 2238 eo
932 2182 1040 2236 redituri
1054 2194 1164 2245 sunaus,

370 2286 400 2331 at
414 2277 501 2332 adlauc
516 2277 691 2348 nasamonas,
703 2287 799 2347 quauta
812 2276 974 2331 atsurditate
986 2276 1103 2339 dicatur,
1120 2274 1164 2343 ja-

368 2366 455 2422 dicari
469 2368 590 2422 bomincs
610 2379 729 2421 mortuos
743 2367 822 2421 ctiam
836 2366 870 2422 de
891 2365 932 2420 bis
951 2366 1084 2434 pcccatis,
1105 2379 1165 2434 qtae

370 2457 506 2524 praescivit
520 2473 567 2512 eos
580 2459 651 2513 [letas
663 2465 863 2527 perpetraturos
878 2456 977 2520 luisse,
990 2457 1013 2510 si
1028 2455 1166 2510 riserant?

369 2546 448 2614 Qtaod
465 2547 499 2601 ita
510 2548 637 2602 abhorret
653 2563 668 2601 a
683 2549 806 2602 sensibus
820 2547 988 2610 christianis,
1001 2554 1046 2600 aut
1059 2562 1167 2614 prorsas

370 2640 517 2703 laamanis,
533 2647 563 2693 ut
573 2638 598 2692 td
613 2638 693 2693 etiam
708 2637 831 2693 refellere
844 2636 949 2706 pudeat.
960 2636 1094 2691 Cureainr
1114 2652 1166 2690 aran

370 2731 494 2790 dicatur.
511 2741 538 2785 et
554 2731 637 2800 ipsum
651 2730 824 2798 Etraageliaun
838 2743 897 2782 eum
911 2737 983 2783 tanto
996 2728 1085 2782 labore
1107 2743 1167 2797 pns-

370 2821 549 2890 sionibusque
564 2829 716 2875 structorum
735 2819 832 2874 frustra
844 2834 904 2874 esse
920 2818 1109 2888 predicatum,
1124 2819 1165 2874 rel

368 2915 460 2970 adbuc
479 2915 558 2971 ctiam
579 2913 719 2982 praedicari
736 2912 781 2968 :si
799 2911 913 2982 judicari
934 2920 1056 2980 poterant
1078 2911 1166 2966 borni·

368 3020 437 3071 nes,
453 3005 531 3059 etiam
546 3021 598 3059 non
621 3004 712 3059 audito
725 3003 886 3073 Evangelio,
905 2988 1054 3058 'secumdum
1069 3012 1165 3057 coatu-

368 3099 483 3154 maciam
498 3099 540 3154 rel
555 3098 747 3162 obedientiam,
762 3111 841 3166 quam
855 3095 987 3165 praseiait
1001 3095 1071 3150 bens
1089 3095 1165 3149 babi-

370 3199 447 3245 turos
457 3191 557 3253 luisse,
571 3191 593 3245 si
606 3188 762 3246 anteissent?
773 3188 827 3243 Neo
839 3188 1030 3242 damnarentur
1040 3187 1127 3258 Tyras
1140 3196 1167 3243 et

316 3262 320 3275 ’
369 3281 465 3344 Sidou,
482 3281 601 3351 quamvis
616 3280 841 3348 remissiusqnam
852 3278 904 3332 illas
915 3277 1052 3343 ciuitates,
1066 3278 1092 3331 in
1105 3277 1166 3345 qui·

370 3374 421 3428 bas
443 3390 496 3427 noa
517 3373 689 3428 credentibus
709 3387 724 3425 a
740 3371 854 3427 Domino
867 3368 974 3424 Christo
988 3368 1116 3423 mirabilia
1130 3369 1167 3423 si·

372 3465 445 3534 gna¹
460 3476 521 3520 sunt
534 3462 602 3519 iacta
619 3481 626 3519 :
642 3464 767 3534 qnoniam
785 3464 806 3516 si
819 3462 889 3532 apud
904 3461 962 3516 illas
977 3460 1044 3516 laeta
1056 3470 1164 3527 esseut,

371 3557 397 3610 ia
408 3558 501 3613 cinere
512 3566 539 3612 ct
550 3556 638 3611 cilicio
653 3555 837 3626 poeuitcntiam
851 3554 979 3624 egisseut;
995 3553 1064 3607 sieut
1074 3566 1104 3608 se
1119 3550 1167 3606 ba·

372 3648 550 3718 bcntelcquia
564 3647 698 3713 ueritatis,
715 3645 849 3717 inquibus
861 3644 952 3701 verbis
970 3643 1026 3698 suis
1039 3643 1166 3698 [lominus

372 3738 451 3793 lesus
471 3739 551 3793 altius
574 3738 650 3793 nobis
674 3738 828 3810 mysterium
857 3734 1096 3806 predestinationis
1120 3748 1166 3789 os-

373 3832 469 3887 teutlil.

407 3927 453 3980 ιδ.
466 3925 493 3980 Si
508 3926 578 3980 enim
593 3936 753 3996 quaratara
767 3924 861 3990 nobis,
882 3939 930 3979 eur
947 3923 1016 3993 apud
1033 3937 1080 3978 eos
1095 3931 1165 3978 tanta

372 4017 501 4070 miracala
521 4015 586 4070 iacta
610 4017 662 4070 sint
676 4017 720 4086 qai
737 4015 857 4070 ridentes
870 4030 900 4070 ea
915 4029 968 4068 stoa
984 4014 1088 4069 lucrant
1108 4029 1168 4069 cro·

371 4105 472 4172 ditari,
488 4115 514 4160 et
524 4106 592 4176 apud
604 4121 651 4161 cos
663 4106 730 4160 laeta
744 4121 795 4160 aton
816 4105 869 4159 sint
883 4105 927 4174 qni
939 4104 1079 4159 crederent
1089 4104 1111 4158 si
1126 4105 1166 4158 ri·

372 4196 476 4260 alerent:
488 4197 552 4268 quid
564 4196 806 4267 respondebimus?
815 4194 946 4265 Numquid
956 4194 1051 4249 dicturi
1062 4210 1165 4257 samus,

371 4288 443 4358 qaml
455 4290 480 4343 in
494 4289 562 4344 libro
573 4289 618 4342 illo
631 4287 705 4354 diti,
719 4287 763 4342 ubi
780 4302 826 4344 ser
840 4285 999 4357 quibusdam
1012 4285 1168 4355 quaestioni·

372 4379 422 4433 bas
438 4379 619 4450 Paganorutn,
636 4379 694 4434 siue
707 4378 861 4448 preindieio
874 4385 962 4432 tauma
975 4376 1085 4430 aliarum
1101 4391 1167 4431 eau-

371 4487 480 4537 sarnm,
496 4488 563 4544 qaas
576 4472 720 4543 prudentes
735 4480 846 4542 possunt
858 4471 1005 4540 uestigare,
1021 4468 1167 4540 respondi?

372 4564 431 4619 lloc
443 4567 553 4635 quippe,
570 4574 599 4620 at
613 4564 703 4628 scitis,
719 4579 780 4619 cura
797 4563 918 4618 cbristus
931 4576 1013 4632 quare
1032 4571 1092 4632 post
1111 4570 1165 4616 tam

371 4657 450 4726 longa
466 4665 586 4727 tempora
604 4657 728 4724 uenerit,
743 4663 927 4725 quaereretur,
943 4655 1018 4720 diti,
1038 4654 1106 4725 qaod
1127 4655 1167 4709 bis

371 4749 527 4817 temporibus
539 4759 562 4802 et
584 4749 623 4803 bis
637 4748 698 4803 loeis
710 4747 800 4819 quibas
821 4745 987 4818 Evangeliam
1000 4748 1054 4818 rjus
1068 4764 1118 4801 aon
1131 4757 1166 4802 est

372 4839 559 4908 predicatum,
576 4840 640 4896 tales
653 4856 739 4894 omues
751 4839 777 4893 ia
797 4840 851 4910 ejas
866 4839 1047 4910 predicatione
1067 4843 1167 4912 {tataros

370 4947 425 4985 csse
435 4931 593 5001 presciebat,
608 4932 695 5000 quoles
709 4930 783 4985 multi
792 4931 818 4984 ia
830 4930 886 5000 ejas
897 4931 1022 5001 corporali
1034 4931 1167 4998 praesentia

371 5022 493 5089 lacerarat,
508 5022 551 5089 qai
562 5023 587 5075 in
602 5039 658 5075 carm
669 5038 713 5076 acc
726 5021 853 5075 atrocitatis
864 5020 894 5074 ab
905 5037 933 5075 eo
942 5022 1045 5073 mortuis
1065 5020 1168 5075 credere

370 5110 514 5164 uoluerunt.
538 5111 602 5165 ltetu
625 5111 703 5180 patulo
718 5119 778 5180 past
799 5109 825 5164 in
840 5109 934 5165 eodem
950 5109 1033 5173 libro,
1048 5118 1126 5179 atquc
1140 5110 1165 5162 in

369 5204 466 5259 eadem
486 5205 633 5273 quaestione
648 5222 654 5256 ε
670 5203 738 5271 Qttid
755 5203 863 5267 atirum,
876 5203 998 5271 inaquam,
1013 5201 1035 5255 si
1049 5212 1099 5254 tara
1112 5202 1167 5269 iuli·

369 5296 470 5350 rlelibus
492 5298 593 5366 picarum
612 5296 697 5351 orbem
710 5305 834 5349 terrorum
848 5295 964 5349 Christus
983 5293 1108 5363 prioribus
1120 5309 1167 5348 se-

369 5387 437 5439 culis
449 5397 566 5452 ammas,
587 5397 614 5441 at
636 5388 672 5441 eis
686 5386 820 5456 predicari
837 5386 924 5440 merito
939 5384 1031 5448 uallet,
1046 5402 1108 5456 quos
1122 5402 1167 5439 nee

370 5477 453 5549 arabis
476 5497 520 5534 aec
547 5481 678 5534 miraculis
710 5479 764 5533 suis
790 5478 927 5532 credituras
947 5494 1000 5532 csse
1023 5477 1167 5546 presciebat

370 5567 470 5640 (Epist.
486 5570 552 5635 lde,
568 5581 656 5641 ptest.
667 5570 712 5640 t)l
727 5569 789 5623 ttae
804 5579 876 5625 certe
888 5568 922 5623 de
934 5568 1006 5638 Tyro
1023 5577 1050 5623 ct
1067 5568 1166 5624 Sidone

369 5677 425 5715 nou
439 5676 581 5732 passumus
593 5661 702 5726 dicere,
718 5670 745 5716 ot
759 5660 784 5714 ia
806 5661 845 5716 eis
859 5658 1045 5729 cognoscimus
1064 5650 1097 5714 a'd
1121 5673 1166 5715 eas

368 5769 467 5809 catasas
482 5754 722 5824 praedestinationis
737 5753 794 5808 brec
805 5753 894 5808 diuina
908 5751 1005 5822 judicia
1021 5751 1164 5821 pertinere,

368 5845 431 5900 sine
444 5861 556 5914 quarum
571 5860 710 5901 paruarum
726 5845 862 5900 latentium
877 5842 1032 5916 praejaadicio
1043 5850 1105 5899 tarne
1117 5843 1166 5898 ista

369 5936 535 6010 resptmdcre
548 5951 592 5990 me
603 5936 659 5992 stit.
681 5935 770 5991 Facile
783 5945 824 5991 cst
834 5937 932 6007 quippe
945 5943 973 5990 ut
984 5934 1166 5990 inlidelitateur

368 6041 528 6082 accensemus
540 6026 691 6109 Jmlaoram
705 6027 739 6081 dc
753 6027 835 6081 libera
849 6027 984 6082 uoluntate
998 6023 1164 6087 uenientem,

412 6141 422 6171 ¹
434 6147 484 6189 tm.
497 6144 533 6187 tr.
543 6146 569 6190 et
575 6137 664 6200 aliquot
674 6147 742 6197 uss,
753 6145 776 6189 et
787 6135 864 6200 signa.

883 684 984 742 ttuuu
1003 685 1047 742 DE
1067 683 1157 743 boue
1176 687 1485 753 PERSEl'ElleTlAE.

1950 715 2018 772 lbbb

1222 808 1268 876 qtti
1282 809 1358 866 lactis
1371 815 1441 882 apud
1455 831 1485 870 se
1498 826 1551 872 tam
1567 820 1669 891 magnis
1682 821 1824 881 uirtutibus
1835 823 1947 884 eredere
1969 846 2017 885 no-

1221 898 1339 967 luerant.
1354 903 1429 968 Quod
1442 915 1470 960 ct
1485 907 1611 964 [lominus
1626 909 1769 982 increpans
1778 916 1873 983 arganil,
1888 925 1915 972 et
1928 917 1992 977 dicit
2007 941 2015 981 t

1226 987 1271 1044 l'e
1283 991 1347 1056 tibi,
1361 990 1505 1051 Clraroaaia
1524 1008 1548 1053 et
1561 999 1699 1056 Retltsoidu
1713 1019 1722 1056 :
1738 1005 1798 1071 quia
1818 1006 1841 1059 si
1863 1007 1890 1060 ia
1911 1007 1979 1080 Tyro
1993 1024 2016 1066 ct

1221 1079 1319 1136 Sidone
1333 1086 1522 1154 [increpuissent
1534 1092 1649 1155 uirtutes,
1663 1109 1720 1163 que
1734 1096 1810 1166 facte
1823 1107 1881 1151 rarat
1894 1099 1920 1152 in
1934 1101 2013 1160 robis.

1221 1173 1281 1227 olim
1300 1174 1327 1228 r'n
1342 1175 1423 1230 cilicio
1434 1189 1456 1232 et
1468 1181 1550 1236 cinere
1560 1184 1728 1252 penitentium
1740 1187 1856 1257 epissent.
1872 1189 1923 1244 Sed
1937 1207 2014 1246 ιιιιιιι-

1220 1266 1283 1335 quaid
1298 1283 1437 1336 possamus
1446 1271 1553 1339 dicere,
1567 1274 1646 1331 etlam
1667 1275 1762 1347 apae
1773 1290 1799 1333 et
1812 1277 1938 1337 Sidonios
1952 1284 2012 1339 tali·

1220 1361 1270 1416 bas
1282 1363 1352 1432 apud
1375 1379 1404 1420 se
1425 1366 1566 1422 tirtatibus
1587 1366 1663 1422 laetis
1683 1370 1794 1427 eredere
1813 1372 1945 1440 noluisse,
1967 1387 2013 1432 ιιιι

1219 1453 1369 1507 credituros
1382 1470 1434 1510 non
1446 1456 1541 1520 trisse,
1554 1459 1576 1514 si
1590 1460 1702 1517 dorent?
1712 1477 1773 1518 eam
1787 1464 1827 1519 eis
1847 1465 1904 1534 ipse
1920 1468 2012 1522 borni·

1221 1557 1270 1595 nas
1289 1551 1444 1609 attestetur,
1460 1548 1529 1616 quod
1544 1546 1625 1602 actuari
1638 1556 1726 1600 essent
1741 1560 1842 1615 magna
1857 1547 2011 1599 lrutnilitatis

1221 1634 1420 1704 poeniteutiam,
1435 1638 1458 1693 si
1478 1637 1504 1692 in
1517 1637 1557 1693 eis*
1571 1636 1638 1693 lacta
1651 1644 1742 1693 essent
1753 1636 1901 1692 divinarum
1916 1638 1961 1694 illa
1973 1639 2016 1693 si·

1218 1738 1270 1798 gna
1295 1727 1437 1783 rutatum.
1459 1728 1493 1782 Et
1516 1737 1604 1782 tamen
1626 1727 1655 1781 in
1677 1727 1722 1782 die
1739 1725 1830 1795 ,inalicli
1849 1741 2007 1793 pllntcttttt',

1218 1831 1341 1885 quatnus
1353 1819 1450 1873 maneri
1467 1825 1597 1889 supplicio
1617 1833 1695 1887 atatam
1718 1818 1770 1872 illae
1790 1819 1931 1883 ciuitates,
1952 1834 2015 1889 qum

1219 1906 1288 1975 apud
1301 1921 1331 1961 se
1345 1908 1484 1963 uirtutibus
1505 1910 1579 1963 laetis
1600 1907 1711 1964 credere
1734 1908 1887 1964 noluerant.
1899 1907 2013 1965 Secutus

1218 1999 1289 2052 euim
1312 1999 1437 2054 Dominus
1456 2002 1515 2054 ait:
1536 1999 1710 2053 Verurntameu
1726 2001 1783 2054 dica
1804 1999 1890 2065 uobis,
1907 1998 1974 2071 Tgro
1989 2011 2012 2054 ct

1219 2090 1311 2145 Sidoni
1323 2093 1451 2147 remissius
1465 2094 1511 2146 crit
1524 2093 1550 2146 ia
1564 2093 1604 2145 dic
1622 2093 1715 2161 judieii
1730 2109 1805 2161 qttom
1823 2091 1891 2146 cobis
1904 2089 2011 2163 (blattis.

1219 2197 1262 2245 au,
1277 2181 1328 2247 21,
1341 2182 1399 2251 ιι).
1413 2183 1537 2238 Severius
1551 2199 1614 2250 crgo
1629 2184 1771 2252 prudentor
1789 2183 1848 2246 isti,
1865 2181 1901 2237 tllt
1916 2183 2013 2238 remis-

1218 2272 1293 2337 sias;
1309 2274 1355 2328 sed
1370 2283 1457 2328 tamen
1471 2274 1623 2343 praudeatar.
1639 2275 1721 2328 l‘orro
1734 2275 1755 2328 si
1769 2274 1848 2328 etiam
1866 2274 2012 2328 secundant

1218 2362 1285 2415 laeta
1294 2380 1352 2430 qua
1364 2364 1457 2418 laetari
1470 2375 1559 2419 essent
1570 2364 1593 2419 si
1602 2366 1730 2426 niterent,
1742 2366 1838 2419 mortui
1849 2364 2012 2432 indicantum

1219 2452 1348 2520 proiecto,
1360 2455 1420 2522 qaia
1436 2455 1528 2509 lidelcs
1543 2455 1623 2509 loturi
1636 2464 1713 2510 eraut
1726 2456 1779 2520 isti,
1791 2456 1813 2508 si
1828 2456 1868 2509 eis
1882 2471 1942 2509 etam
1955 2466 2014 2510 tan·

1220 2543 1254 2595 tis
1278 2543 1414 2598 miraculis
1430 2543 1523 2599 luisset
1546 2546 1717 2615 Euangelium
1739 2546 1931 2617 predicatum,
1960 2562 2012 2602 nou

1218 2635 1508 2705 santatiquepuaicndi
1516 2654 1523 2699 ;
1532 2637 1674 2707 punientur
1685 2648 1791 2702 aulcm;
1808 2640 1846 2710 (a)
1858 2639 1951 2693 lalsum
1972 2649 2014 2695 est

1219 2723 1299 2794 igitar
1312 2735 1339 2779 et
1348 2726 1494 2781 sectandam
1513 2742 1544 2782 ea
1560 2736 1680 2782 mortuos
1701 2727 1813 2797 judicari
1825 2770 1832 2791 ,
1846 2743 1906 2799 qaae
1918 2727 2012 2784 laetari

1218 2825 1308 2871 essent
1326 2815 1350 2871 si
1367 2815 1536 2873 adnitentes
1559 2817 1731 2888 Euangelium
1751 2819 1911 2887 perteniret.
1935 2818 1969 2873 lit
1990 2818 2013 2873 si

1219 2906 1270 2962 boc
1285 2906 1379 2963 lalsarn
1398 2917 1454 2971 est,
1466 2924 1519 2963 non
1534 2918 1575 2964 est
1587 2924 1635 2964 eur
1645 2910 1748 2964 dicatur
1764 2908 1798 2964 de
1812 2909 1955 2964 inlantibus
1967 2911 2013 2980 qni

1218 3008 1330 3068 percunt
1346 3000 1404 3055 sine
1424 3000 1588 3070 baptismate
1610 3001 1770 3067 morientes,
1792 2999 1891 3054 hocin
1917 3000 1957 3055 eis
1980 3016 2014 3054 en

1218 3090 1314 3145 merito
1325 3090 1393 3159 lteri,
1407 3091 1468 3160 atria
1478 3092 1613 3163 prescivit
1623 3106 1670 3146 eos
1682 3079 1761 3157 beas,
1772 3091 1795 3147 si
1805 3091 1935 3157 virerent,
1948 3107 2014 3161 prce·

1218 3180 1388 3253 dicatamque
1402 3184 1453 3238 illis
1467 3183 1560 3239 lusisset
1573 3183 1743 3254 Euangeliam
1756 3225 1763 3247 ,
1778 3183 1922 3240 inbdeliter
1935 3184 2012 3237 audi·

1219 3279 1302 3326 turos.
1313 3273 1403 3327 llcstat
1414 3273 1493 3345 igitur
1507 3282 1536 3328 at
1549 3275 1605 3328 solo
1616 3283 1724 3344 peceato
1738 3275 1858 3345 originali
1875 3284 2013 3329 teneantur

1218 3364 1353 3428 obstricti,
1369 3374 1395 3420 et
1406 3376 1515 3436 propter
1527 3366 1578 3421 hoe
1588 3367 1673 3421 solam
1688 3376 1752 3423 eant
1766 3368 1792 3421 in
1803 3368 2010 3432 damnationem:

1218 3455 1290 3523 qaod
1315 3456 1435 3511 ridemus
1456 3459 1538 3512 ¹aliis
1559 3458 1680 3512 camdem
1704 3458 1862 3513 babeatibas
1882 3474 2011 3526 eattsam,

1219 3561 1273 3599 non
1288 3546 1338 3600 nisi
1352 3563 1398 3617 per
1413 3548 1458 3603 Dei
1474 3549 1614 3617 gratuitam
1625 3550 1736 3618 gratiam
1751 3551 1951 3620 regeneratione
1963 3551 2013 3605 do·

1218 3637 1291 3702 nari;
1306 3646 1333 3691 et
1346 3637 1403 3706 ejas
1420 3639 1540 3703 occulto,
1560 3638 1633 3707 justo
1649 3650 1737 3694 tamea
1754 3639 1871 3708 judicio,
1886 3640 2012 3710 quoniam
2062 3630 2069 3641 ’

1218 3742 1272 3782 non
1287 3737 1329 3782 est
1342 3727 1466 3800 iniqnitas
1479 3727 1548 3797 apud
1563 3729 1647 3783 Deum
1664 3728 1751 3801 (Rom.
1776 3744 1823 3796 tx,
1848 3728 1908 3802 ll),
1930 3747 2012 3802 qnos·

1218 3819 1279 3874 darn
1293 3820 1372 3875 etiam
1393 3829 1453 3890 post
1466 3821 1631 3892 baptismum
1647 3823 1763 3893 pessime
1776 3823 1891 3880 virendo
1912 3826 2013 3896 peritu-

1218 3927 1280 3976 ros,
1295 3915 1321 3968 in
1335 3914 1385 3969 bac
1405 3925 1493 3969 tamen
1513 3915 1566 3970 rita
1580 3930 1634 3984 qno
1648 3931 1733 3987 usquc
1746 3925 1857 3987 pereant
1877 3917 1990 3974 detineri
2002 3935 2011 3984 ;

1218 4003 1263 4072 qai
1275 4020 1327 4057 non
1341 4005 1470 4073 perirent,
1484 4005 1507 4059 si
1519 4005 1559 4059 eis
1571 4007 1692 4075 eorporis
1703 4020 1784 4072 mors,
1802 4006 1903 4076 lapsum
1918 4023 2012 4064 eorurn

1219 4094 1401 4161 praeueniens,
1433 4093 1596 4149 subveniret.
1624 4095 1754 4163 Qatoniam
1779 4097 1868 4152 nullus
1891 4107 2013 4154 mortuus

1216 4183 1351 4250 judicatur
1362 4199 1395 4238 ex
1410 4184 1487 4238 bonis
1501 4199 1548 4239 scu
1561 4187 1657 4250 malis,
1673 4203 1733 4256 qna·
1753 4187 1840 4244 iuerat
1853 4190 1875 4244 si
1889 4205 1942 4245 non
1955 4207 2013 4246 mo·

1220 4282 1323 4328 teretur
1336 4282 1444 4328 aeturus
1459 4291 1466 4328 :
1479 4275 1594 4344 alioquin
1609 4276 1682 4347 Tyrii
1696 4286 1724 4333 et
1736 4277 1837 4333 Sidonii
1849 4295 1900 4333 non
1914 4295 2012 4335 sectam

1218 4364 1282 4417 dnm
1295 4379 1326 4418 ea
1341 4379 1400 4434 qam
1409 4374 1550 4431 gesseruut
1568 4381 1661 4435 pertas
1675 4367 1793 4431 luerent;
1807 4369 1853 4422 scd
1867 4372 1954 4438 potins
1967 4387 2012 4426 se·

1218 4455 1335 4510 cundum
1348 4472 1450 4526 eaquae
1463 4457 1560 4527 gesturi
1575 4456 1689 4521 lucrant,
1704 4457 1726 4513 si
1741 4459 1766 4513 iu
1781 4460 1820 4514 eis
1835 4460 1888 4514 ille
1901 4462 2012 4516 uirtutes

1218 4548 1379 4618 evangeliea
1393 4548 1469 4602 tacta
1483 4547 1609 4615 luissent,
1624 4565 1672 4619 per
1686 4550 1813 4620 grandem
1828 4553 2011 4621 penitentiam

1218 4647 1247 4694 ct
1259 4655 1308 4710 per
1320 4640 1416 4695 Claristi
1432 4640 1510 4695 laalem
1525 4651 1756 4712 consequerentur
1768 4644 1888 4697 salutem.

1254 4754 1367 4811 CAPUT
1385 4754 1420 4810 Χ.
1437 4785 1474 4796 -
1490 4755 1535 4810 bi.
1556 4754 1668 4825 Quidam
1691 4756 1840 4825 disputator
1864 4757 2011 4810 eatlaulieas

1219 4862 1272 4900 non
1288 4845 1410 4917 ignobilis
1424 4845 1494 4900 branc
1508 4845 1647 4916 Evangelii
1667 4846 1753 4900 locam
1775 4846 1814 4900 sic
1835 4848 1968 4917 exposuit,
1984 4857 2011 4901 at

1219 4938 1320 4993 diceret
1333 4937 1472 5009 pressisse
1486 4937 1627 4991 {lominum
1643 4935 1738 5008 Tyrios
1751 4945 1779 4993 et
1792 4936 1944 4992 Sitloniosa
1960 4936 2012 4993 lide

1220 5028 1300 5084 luisse
1310 5038 1403 5100 postea
1416 5042 1579 5092 recessuros,
1596 5043 1655 5081 eum
1668 5027 1743 5082 lactis
1757 5028 1826 5098 apud
1836 5044 1866 5083 se
1878 5029 2012 5083 miraculis

1219 5119 1404 5183 credidissent,
1418 5127 1445 5174 et
1455 5118 1636 5174 misericordia
1651 5118 1738 5190 potius
1752 5135 1804 5172 non
1818 5133 1879 5173 eum
1896 5120 1949 5174 illic
1961 5120 2010 5175 ista

1220 5215 1330 5271 iecisse:
1346 5215 1469 5286 graeciam
1485 5215 1600 5285 gratiori
1622 5231 1708 5286 porram
1731 5217 1840 5272 obnoxii
1865 5218 1971 5283 llerent,
1987 5218 2009 5269 si

1219 5305 1297 5361 ddem
1309 5320 1387 5377 qaam
1400 5314 1540 5361 tenuerant
1550 5307 1730 5377 reliquissent,
1743 5309 1855 5378 quamsi
1868 5324 1926 5364 eam
1938 5311 2011 5363 nullu

1219 5405 1339 5466 tempore
1354 5397 1511 5453 tenuissent.
1527 5397 1553 5451 ln
1567 5413 1617 5468 qna
1629 5398 1758 5452 scatentia
1771 5398 1840 5454 tlraeti
1857 5401 1972 5455 botaiais
1983 5413 2010 5455 ct

1218 5489 1360 5543 admodum
1373 5490 1454 5552 acuti,
1470 5506 1528 5559 qaae
1542 5490 1595 5543 sint
1609 5489 1695 5545 adlaae
1709 5491 1804 5546 merita
1817 5493 1974 5563 requirenda
1987 5493 2009 5554 ¹,

1218 5581 1281 5651 quid
1296 5596 1338 5635 me
1352 5598 1422 5636 nune
1436 5583 1530 5636 attinet
1545 5582 1645 5647 elicere,
1663 5597 1723 5638 cum
1735 5593 1762 5639 et
1775 5585 1829 5654 ipsa
1846 5587 1923 5639 arabis
1935 5583 1967 5639 ad
1984 5584 2009 5636 id

1218 5671 1289 5742 quod
1300 5673 1401 5743 agimus
1414 5671 1592 5742 suffragetur?
1604 5673 1631 5729 Si
1645 5675 1715 5729 cuim
1734 5674 1904 5730 naisetatioue
1919 5673 2009 5727 bonai-

1219 5781 1269 5821 nns
1284 5781 1336 5820 non
1352 5765 1414 5821 lecit
1429 5766 1454 5818 in
1476 5765 1532 5819 istis
1550 5764 1670 5827 uirtutes,
1688 5779 1735 5835 per
1747 5781 1812 5834 quas
1828 5762 1884 5818 deri
1900 5770 2009 5832 possent

1251 5952 1260 5983 ¹
1277 5951 1313 6001 sic
1321 5958 1374 6001 uss.
1386 5951 1445 6020 miti
1457 5963 1526 6010 aero,
1534 5950 1646 6022 qrtetirna
1658 5948 1774 6022 tidcaurs.
1787 5957 1813 5997 tt
1825 5949 1895 6009 intra,
1909 5963 1953 6015 per
1968 5951 2010 6002 uel

1218 6012 1347 6075 qratrdtea
1357 6021 1462 6074 graneam
1471 6020 1671 6075 regenerationem
1682 6015 1776 6062 dormrr.

1250 6077 1262 6105 ⁸
1278 6080 1302 6121 tn
1312 6082 1364 6120 uss.
1377 6073 1594 6135 legiuncularum
1605 6071 1939 6135 rtdlrrarntcriturequircadtt.

1252 6135 1289 6195 (a)
1306 6134 1346 6182 llic
1363 6135 1444 6193 incipit
1453 6149 1489 6194 rag
1499 6147 1523 6182 ιιι
1540 6137 1567 6182 td
1578 6135 1640 6195 apud
1653 6146 1699 6183 ιιιιι-
1711 6139 1736 6179 et
1749 6139 1786 6182 t'r.
