4900 6892
417 647 426 702 l
437 646 485 701 583

414 762 472 826 bos,
487 769 514 816 ct
526 760 626 815 similes
639 760 786 814 animantes
805 757 998 812 vulnerabilem
1014 756 1112 812 babent
1128 766 1204 811 natu-

413 867 482 914 ram,
496 860 525 906 ct
538 850 597 905 idco
615 848 776 905 incommodi
797 849 905 918 capacia
926 863 941 903 a
954 849 1106 904 necessario
1121 856 1182 901 sunt
1197 865 1203 900 :

414 954 442 997 ιιι
454 953 543 998 autem
566 944 747 1007 vulnerentur,
764 955 817 994 non
831 954 938 1010 semper
957 939 1138 994 necessarium
1153 947 1204 995 est.

413 1035 442 1090 Si
456 1035 526 1091 eninr
540 1048 589 1103 pcr
601 1032 763 1103 diligentiam
781 1030 920 1085 custodum
934 1028 1109 1085 delendantur
1122 1044 1137 1083 a
1150 1029 1206 1098 pla-

412 1126 461 1195 gis,
478 1133 588 1194 possunt
600 1137 653 1177 non
667 1121 798 1176 vulnerari
811 1138 816 1174 :
829 1120 899 1192 quod
910 1121 931 1176 si
942 1135 995 1175 non
1010 1120 1202 1184 custodiamur,

413 1222 524 1284 possunt
542 1213 620 1269 etiam
634 1212 777 1267 vulnerari.
803 1210 948 1265 Plurimum
968 1225 1031 1281 crgo
1044 1209 1125 1264 distat
1137 1208 1208 1264 inter

412 1323 442 1362 ca
458 1320 546 1378 quaa
562 1305 681 1375 possibili
698 1304 817 1368 veniunt,
833 1312 860 1358 et
872 1317 904 1358 ea
924 1317 1009 1373 quaca
1031 1299 1203 1356 necessario:

411 1416 471 1469 quae
493 1399 544 1453 nisi
566 1396 729 1452 custodiatur
750 1394 902 1461 distinctio,
928 1394 954 1448 in
976 1394 1130 1448 innumeros
1154 1393 1206 1446 itur

412 1507 527 1548 errores.
547 1491 623 1559 Quod
636 1499 665 1545 ιιι
676 1487 875 1560 comparatione
893 1486 1043 1542 clarescat:
1061 1483 1128 1554 lapsi
1143 1493 1206 1538 sunt

411 1584 518 1653 quidam
542 1580 681 1635 medicinae
705 1585 911 1647 oppugnatores,
937 1574 1113 1646 argumentati
1136 1574 1205 1628 banc

411 1683 496 1728 artem
508 1671 571 1726 nibil
585 1668 684 1724 babere
696 1667 814 1723 utilitatis
825 1683 834 1732 ,·
847 1665 1036 1735 disputantque
1051 1664 1102 1716 boe
1113 1661 1203 1716 vuardo:

411 1755 580 1816 lluriturisuc
594 1759 723 1814 medicina
738 1755 871 1822 subvenit,
884 1771 918 1809 an
933 1752 1062 1808 victuris?
1075 1752 1103 1806 Si
1117 1753 1199 1806 mori·

413 1856 489 1922 tarvis,
505 1852 570 1908 nibil
590 1857 730 1922 promovet
744 1867 751 1904 :
765 1849 788 1903 si
803 1847 923 1913 victuris,
939 1845 1035 1901 iruslra
1049 1843 1137 1916 gestit.
1154 1843 1204 1911 Qui

412 1946 483 2000 enim
498 1943 619 1999 morituri
634 1949 720 2005 erant,
736 1941 787 1995 bac
800 1954 905 2010 quoque
918 1939 1065 2003 laborante,
1086 1937 1205 1991 morien-

412 2045 455 2089 tur
471 2053 477 2089 :
493 2035 538 2104 qui
558 2033 663 2099 victuri,
689 2034 747 2087 sine
761 2046 866 2101 quoque
887 2031 966 2100 hujus
985 2029 1117 2085 beneflcio
1139 2028 1205 2082 salvi

411 2142 471 2181 esse
485 2133 637 2196 potuerunt.
653 2124 737 2192 Oetam
750 2138 847 2192 nempe
858 2123 999 2189 concinna,
1011 2137 1090 2191 quam
1104 2121 1204 2175 urbana

414 2219 568 2274 conclusio!
585 2216 631 2272 scd
644 2216 796 2271 dissolvitur
815 2230 830 2267 a
856 2212 1094 2284 propugnatoribus
1118 2210 1204 2266 medi-

410 2309 477 2363 cinae
493 2308 543 2363 boc
563 2305 665 2362 modo:
682 2305 745 2361 llaec
758 2318 811 2369 ars,
833 2303 964 2374 inquiunt,
981 2301 1089 2371 prodest
1103 2316 1153 2357 nec
1165 2301 1205 2355 vi·

409 2400 502 2464 cruris,
526 2412 576 2453 nec
597 2397 732 2451 morituris
753 2395 883 2450 duntaxat
902 2410 917 2449 a
941 2393 1104 2462 necessario,
1128 2392 1204 2448 seda

409 2489 529 2561 possibili
554 2489 579 2544 id
605 2497 747 2558 utrumque
772 2486 891 2557 passuris
908 2503 914 2539 :
930 2499 984 2540 non
1008 2498 1073 2555 crgo
1096 2483 1205 2553 adjuvat

409 2581 539 2638 uredicina
551 2596 611 2636 cam
628 2580 673 2649 qni
687 2580 745 2636 sine
758 2578 838 2633 dubio
852 2576 995 2632 moriturus
1009 2585 1060 2642 cst,
1076 2576 1202 2646 quoniam

409 2674 496 2729 lacero
510 2673 687 2727 immortalem
700 2686 753 2726 non
777 2675 883 2738 potest;
897 2667 945 2722 sed
960 2681 1045 2737 neque
1060 2666 1085 2720 ci
1104 2666 1202 2723 subve-

408 2764 457 2827 nit,
478 2764 524 2834 qui
545 2763 603 2817 siue
621 2762 702 2817 dubio
724 2761 851 2815 ιιιιιιιιιιι
871 2759 1012 2814 incolumis
1025 2767 1067 2813 est
1086 2776 1093 2812 :
1109 2773 1202 2814 verum

409 2854 458 2922 illi,
472 2854 517 2923 qni
531 2853 552 2908 si
568 2868 620 2908 non
635 2861 753 2919 curetur,
768 2849 913 2922 periclitari
929 2859 1032 2919 potest:
1047 2850 1070 2905 si
1083 2858 1200 2916 curetur,

408 2946 515 3001 liberari
530 2952 618 3014 potest
633 2961 640 2998 ι
656 2944 725 2998 sicut
746 2957 809 3013 ergo
822 2956 874 2997 nec
893 2942 995 2996 victuro
1010 2954 1060 2996 nec
1073 2940 1202 2996 morituro

407 3053 422 3092 a
437 3038 581 3094 necessarii
595 3035 747 3092 conditione
760 3035 912 3101 subvenire,
927 3035 962 3089 ita
982 3041 1010 3088 et
1031 3034 1160 3089 morituro
1174 3040 1203 3089 et

407 3132 521 3194 victuro,
536 3129 582 3185 sed
597 3146 612 3184 a
635 3128 764 3199 possibili,
779 3142 823 3183 ars
837 3136 926 3199 potest
945 3126 1049 3182 erudita
1063 3126 1199 3196 prodesse.

408 3220 445 3275 llli
468 3236 533 3291 ergo
558 3221 659 3291 priores
684 3220 863 3275 medicantum
888 3218 983 3274 studiis
1006 3218 1198 3289 obloquentes,

407 3314 616 3383 propositionem
631 3327 646 3366 a
661 3311 781 3384 possibili
796 3311 976 3378 inchoantem,
990 3311 1135 3366 necessarii
1150 3309 1201 3366 dne

405 3408 586 3463 clauserunt:
611 3405 681 3476 quod
696 3403 882 3475 disputationis
903 3419 988 3473 genus
1010 3403 1036 3457 in
1060 3402 1200 3457 innumera

405 3495 567 3571 extenditur.
592 3494 672 3552 Verbi
695 3495 790 3566 gratia,
815 3493 938 3564 probibet
960 3493 1001 3548 lex
1027 3491 1200 3547 homicidium

406 3588 472 3653 lieri,
486 3587 610 3657 probibet
618 3587 697 3642 etiam
712 3584 878 3656 negligentia
891 3599 939 3654 per
951 3599 1030 3655 quam
1043 3583 1069 3638 in
1081 3582 1199 3654 pericula

405 3681 489 3735 ruitur
503 3680 670 3736 occasionem
685 3677 753 3744 dari,
769 3687 798 3733 ut
810 3676 837 3731 in
851 3685 928 3731 tauro
942 3684 1085 3746 cornupeta
1100 3674 1197 3748 (Esou.

405 3786 461 3836 xxv,
476 3769 593 3842 28-32),
606 3778 685 3840 atque
700 3769 726 3823 in
742 3767 882 3822 domorum
896 3767 1003 3821 coronis
1025 3764 1112 3837 (Dent.
1128 3780 1198 3834 xxu,

404 3861 442 3929 8).
458 3861 586 3928 lltpotest
599 3858 651 3915 dici
664 3877 670 3912 :
684 3857 793 3912 licturo
807 3856 930 3910 subvenit
944 3856 993 3909 ista
1005 3855 1151 3924 diligentia,
1165 3870 1199 3911 an

404 3949 556 4007 morituro?
570 3948 597 4005 st
606 3948 745 4011 morituro,
759 3946 824 4002 nibil
837 3954 992 4017 promovet:
1007 3946 1030 4000 si
1042 3945 1155 4012 victuro,
1166 3961 1199 4001 cx

403 4039 549 4099 abundanti
570 4038 703 4104 consulit;
718 4037 741 4092 si
756 4046 898 4107 utrumqne
912 4035 963 4090 boc
983 4035 1157 4101 contrarium,
1172 4043 1199 4090 et

405 4147 452 4202 per
475 4129 663 4199 impedimenta
689 4137 717 4183 et
739 4127 798 4182 sine
825 4126 1020 4196 impedimentis
1046 4126 1198 4181 necessario

403 4229 609 4292 consequentur.
625 4220 661 4274 nt
674 4219 726 4273 boc
737 4218 835 4274 salsum
848 4226 891 4274 est
906 4236 913 4273 ι
928 4218 1029 4289 optimo
1043 4218 1113 4273 enim
1127 4232 1199 4273 mor-

403 4312 500 4368 talibus
517 4311 577 4382 jure
598 4310 756 4375 consulitur,
777 4320 806 4364 ut
826 4309 898 4380 quod
917 4316 1041 4378 poterant
1062 4308 1119 4378 pati
1139 4307 1198 4362 sine

403 4404 549 4476 diligentia,
565 4402 707 4474 diligentias
719 4401 813 4471 opibus
827 4403 838 4433 ¹
852 4399 975 4456 evadant.
989 4397 1068 4453 Aliud
1082 4414 1145 4470 crgo
1156 4409 1197 4453 est

403 4512 418 4550 a
431 4495 559 4566 possibili,
576 4493 647 4549 aliud
662 4491 850 4548 successario.
866 4490 1052 4557 Ostendemus,
1063 4489 1119 4561 jam
1130 4489 1193 4560 quid

406 4586 448 4642 bis
469 4584 629 4655 anteloquiis
643 4582 808 4653 adjuvemur.
834 4580 908 4636 Fecit
923 4580 993 4635 bens
1006 4580 1142 4635 hominem
1163 4579 1196 4634 li-

356 4716 363 4727 .
405 4677 462 4733 beri
477 4675 590 4743 arbitrii,
605 4682 708 4729 naturae
720 4672 814 4738 bonam
827 4668 875 4726 sed
890 4685 949 4741 quac
961 4686 1044 4740 capax
1058 4679 1130 4726 esset
1143 4672 1196 4724 vir·

404 4778 501 4833 tutum,
512 4781 579 4838 quas
589 4765 639 4821 sibi
650 4779 682 4821 ex
694 4778 725 4819 se
736 4762 886 4832 mancipato
896 4760 984 4814 animo
994 4768 1175 4830 comparasset
1187 4777 1194 4814 :

403 4857 475 4929 quod
488 4858 602 4913 liberum
622 4855 759 4923 arbitrium
774 4853 851 4910 aliter
867 4860 990 4908 constare
1003 4866 1057 4906 non
1076 4860 1195 4922 poterat,

403 4961 484 5017 quam
497 4956 528 5000 ιιι
547 4945 659 5000 haberet
673 4945 752 5000 etiam
774 4942 899 5014 peccandi
920 4942 1133 5012 possibilitatem.
1149 4941 1195 4996 Li·

404 5041 538 5095 bertatem
549 5050 614 5107 ergo
625 5050 640 5091 a
653 5036 804 5092 necessario
817 5035 907 5101 babet,
922 5035 1086 5090 voluntatem
1101 5048 1116 5088 a
1130 5047 1195 5104 pos·

404 5128 485 5184 sibili.
499 5126 558 5182 Nox
571 5135 659 5197 potest
672 5138 726 5180 non
743 5140 803 5182 esse
815 5126 899 5191 libem
913 5123 961 5181 sed
974 5125 1000 5180 in
1010 5132 1131 5181 neutram
1145 5139 1195 5180 ro-

404 5222 533 5275 luntatem
545 5218 604 5289 cogi
618 5225 723 5288 potest,
736 5215 874 5287 iactusque
886 5215 925 5271 rei
938 5215 1095 5272 necessariae
1107 5215 1195 5286 possi-

404 5309 465 5364 bilis
486 5306 605 5364 elimans.
631 5306 660 5362 ln
682 5305 804 5379 possibili
826 5319 890 5377 ergo
909 5306 1014 5376 peccari
1037 5314 1144 5376 potest,
1168 5305 1195 5361 in

405 5397 557 5458 necessario
576 5411 630 5453 non
651 5405 755 5468 potest;
774 5394 836 5466 quia
851 5394 1026 5451 ¹necessario
1036 5409 1090 5448 non
1106 5402 1191 5462 actor,

404 5487 452 5544 sod
462 5495 556 5542 auctor
565 5487 622 5556 ipse
632 5497 774 5555 censetur;
787 5494 868 5558 atquo
878 5486 930 5542 boc
939 5484 1010 5555 quod
1017 5493 1103 5555 potest
1113 5486 1194 5542 bomo

405 5594 438 5634 ex
453 5577 556 5651 integro
572 5575 620 5632 bei
636 5584 691 5641 est,
707 5592 722 5631 a
740 5577 861 5647 possibili
877 5585 965 5632 autem
986 5576 1043 5647 ipse
1054 5587 1128 5632 actor
1141 5590 1193 5632 ex-

405 5668 538 5739 penditur.

440 5760 507 5814 boe.
528 5754 597 5824 Ouid
609 5754 720 5811 dicisde
734 5755 857 5824 diabolo,
872 5756 905 5814 de
916 5772 970 5828 qoo
990 5757 1117 5828 scriptum
1136 5766 1192 5824 est,

435 5915 443 5945 ¹
462 5913 606 5975 vignloxlns,
617 5907 879 5963 madescebant·
889 5915 933 5962 ert.
941 5916 974 5961 bx
984 5917 1038 5960 ltro.
1048 5910 1193 5974 addendum,

404 5976 562 6083 wiffam.
576 6041 604 6084 ιι
615 6033 683 6096 edid,
692 6028 813 6099 meritae

435 6098 446 6131 ⁸
461 6101 539 6155 rorte,
548 6094 605 6157 nerto
614 6107 639 6147 o.

763 642 883 699 orabis
902 641 1107 699 lllPElil‘ECl‘l
1127 641 1264 698 cortun
1285 643 1465 713 JULlleli,
1485 647 1513 703 S.
1535 648 1719 708 tbdbsrlm

1989 661 2055 717 liiii

1262 758 1300 811 Ab
1310 758 1381 811 initio
1392 760 1507 816 diabolas
1519 775 1603 832 peccat
1615 767 1637 835 (Ι
1650 767 1727 821 Jonrr.
1743 784 1781 833 m,
1793 769 2053 841 dill‘ossibilitatcm

1263 849 1387 916 peccandi
1406 850 1484 906 babet
1498 869 1531 907 an
1547 858 1731 912 necessitatem
1743 859 1755 913 i
1765 859 1793 916 Si
1814 865 2014 925 necessitatem.
2026 882 2056 924 tu

1263 937 1360 994 videris
1375 943 1510 1010 quomodo
1522 944 1668 1000 secundum
1682 957 1741 1003 tuas
1760 949 1955 1019 disputationes
1975 971 2053 1013 cxcu·

1262 1038 1335 1083 sctur
1357 1045 1371 1082 a
1393 1031 1526 1086 criutinc¹
1546 1052 1552 1086 ε
1574 1035 1595 1088 si
1621 1045 1709 1091 autem
1732 1040 1950 1111 possibilitatem
1968 1058 2056 1115 potest

1261 1131 1365 1191 ergoet
1381 1139 1435 1177 nrm
1455 1139 1577 1194 peccare,
1594 1136 1680 1196 potest
1694 1128 1793 1188 baltcre
1807 1134 1904 1191 bonam
1925 1139 2051 1194 volunta·

1262 1222 1330 1279 tem,
1346 1224 1433 1284 potest
1445 1231 1524 1287 agere
1539 1220 1721 1286 penitentiam
1739 1233 1767 1279 ct
1783 1224 1929 1295 impetrare
1948 1232 2056 1286 miseri-

1262 1305 1380 1359 cordiam
1395 1306 1457 1371 bei;
1474 1309 1534 1375 quia
1547 1323 1594 1363 cor
1603 1312 1746 1366 contritum
1759 1324 1787 1368 et
1800 1314 1969 1374 humiliatum
1983 1321 2051 1377 Ocux

1261 1410 1314 1451 non
1329 1397 1457 1467 despiciet
1481 1399 1565 1469 (l’xei.
1581 1418 1607 1468 x,
1624 1402 1680 1475 ts).
1695 1404 1771 1472 Orrod
1785 1408 1892 1477 quidem
1906 1412 1993 1466 visum
2014 1423 2052 1469 cst

1259 1487 1428 1556 quibusdam,
1445 1489 1559 1560 Origene
1576 1502 1604 1546 ut
1615 1494 1768 1560 pcrbibctnr
1781 1509 1891 1554 auctore
1908 1502 1975 1557 :scd
1992 1503 2052 1571 boc,

1260 1590 1289 1631 ιιι
1304 1593 1382 1634 nosse
1397 1588 1423 1635 te
1438 1581 1577 1648 existimo,
1593 1583 1658 1638 fides
1672 1587 1804 1641 catholica
1819 1598 1846 1644 et
1860 1605 1923 1645 sana
1940 1609 1994 1648 nort
2008 1611 2052 1650 re·

1259 1667 1349 1736 ecpit¹
1362 1686 1369 1721 ι
1384 1669 1454 1725 unde
1469 1673 1588 1726 normulli
1601 1672 1742 1744 Origenem
1756 1692 1860 1748 quoque
1874 1680 1963 1750 ipsum
1985 1684 2052 1740 abc-

1259 1772 1322 1812 num
1330 1758 1410 1815 luisse
1419 1763 1452 1817 ab
1460 1762 1510 1818 boc
1516 1778 1608 1819 errore
1616 1767 1656 1820 rel
1666 1767 1788 1836 probant,
1797 1771 1838 1826 vel
1848 1773 1952 1828 volunt.
1963 1776 2053 1834 liestat

1259 1851 1348 1921 igitur,
1362 1862 1408 1906 aut
1420 1861 1482 1909 ante
1496 1856 1654 1925 supplicium
1667 1858 1735 1929 ignis
1747 1863 1850 1927 aeterni,
1863 1865 1945 1920 etiam
1957 1882 2052 1923 ncces·

1258 1942 1323 1998 sitas
1344 1943 1393 1998 ista
1418 1946 1544 2014 peccandi
1564 1963 1659 2018 magna
1682 1951 1717 2004 sit
1730 1950 1835 2009 diabolo
1847 1957 1936 2025 magni
1950 1956 1961 1988 ¹
1975 1973 2052 2028 prem

1259 2027 1360 2096 pcccati
1373 2043 1459 2099 neque
1471 2029 1536 2086 hine
1549 2042 1695 2089 excusetur
1708 2050 1723 2089 a
1737 2037 1865 2105 crimine,
1880 2043 2007 2110 quoniam
2026 2054 2052 2100 et

1258 2120 1308 2174 ista
1323 2121 1437 2177 vindicta
1449 2132 1492 2179 est
1502 2139 1552 2194 pro
1562 2128 1679 2181 marimo
1693 2129 1837 2198 crimino‘,
1854 2141 1884 2187 nt
1901 2149 1964 2189 eum
1979 2136 2051 2193 dele-

1257 2222 1311 2269 ctet
1332 2215 1388 2269 sola
1410 2216 1522 2284 malitia,
1542 2233 1592 2274 nec
1613 2221 1698 2290 possit
1718 2220 1853 2280 delectare
1875 2225 1990 2294 justitia.
2011 2228 2052 2285 dd

1257 2304 1326 2360 inane
1338 2315 1427 2362 autem
1437 2306 1493 2378 lam
1507 2310 1641 2379 penalem
1653 2313 1781 2380 peccandi
1793 2318 1983 2373 necessitatem
1998 2334 2050 2376 non

1258 2395 1349 2465 ntique
1362 2398 1545 2466 pervenisset,
1560 2399 1611 2455 nisi
1627 2402 1701 2470 prius
1715 2402 1798 2459 libera
1813 2406 1963 2475 voluntate,
1978 2411 2049 2465 nulla

1256 2486 1418 2542 necessitate
1434 2500 1582 2558 peccasset.
1604 2491 1729 2546 Dcssrritio
1750 2494 1839 2565 itaque
1856 2496 1900 2551 illa
1927 2499 2048 2567 peccati,

1255 2593 1316 2634 cnm
1328 2577 1358 2633 dt
1370 2579 1441 2650 qnod
1452 2580 1555 2650 justitia
1565 2592 1647 2645 vetat,
1663 2593 1690 2638 et
1700 2583 1771 2640 undc'
1783 2586 1895 2642 liborum
1906 2597 1950 2643 est
1968 2590 2049 2645 absti-

1255 2684 1331 2738 nere,
1350 2669 1383 2724 ad
1404 2671 1467 2726 illud
1490 2682 1629 2743 peccatum
1643 2674 1759 2744 pertinet
1773 2677 1842 2744 quod
1863 2680 2048 2736 tantummodo

1254 2771 1393 2832 peccatum
1408 2773 1459 2829 est,
1474 2780 1527 2818 non
1542 2764 1613 2834 qnod
1626 2767 1705 2820 ctiam
1716 2781 1795 2837 poena
1811 2770 1922 2837 peccati.

1289 2851 1405 2908 xbvtlt.
1420 2853 1480 2909 lua.
1497 2856 1530 2910 Et
1541 2857 1639 2911 malum
1654 2868 1757 2929 ergoet
1772 2859 1871 2915 bonum
1886 2877 1920 2916 cx
1942 2865 2047 2934 propria

1254 2941 1390 2997 voluntate
1413 2943 1493 2999 lacit:
1510 2945 1556 3001 scd
1577 2946 1676 3002 bonum
1690 2963 1768 3003 suum
1789 2949 1869 3005 etiam
1889 2952 1945 3007 Oco
1957 2953 2047 3021 debet,

1254 3033 1299 3102 qui
1312 3035 1379 3103 parti
1396 3034 1466 3101 lruic,
1484 3051 1537 3092 uon
1557 3039 1664 3108 quidem
1684 3040 1879 3112 praejudicium,
1893 3055 1984 3103 tamen
2000 3048 2049 3105 ad-

1251 3122 1380 3194 jutorium
1396 3127 1591 3185 subnrinistrat.

1289 3217 1356 3273 dne.
1374 3217 1438 3272 Tam
1452 3219 1550 3274 bonum
1572 3231 1645 3278 certe
1666 3238 1743 3293 quam
1767 3228 1865 3281 malum
1884 3243 1917 3282 cx
1940 3231 2047 3302 propria

1254 3305 1345 3376 homo,
1360 3308 1428 3364 sicut
1441 3310 1518 3375 dicis,
1528 3313 1666 3369 volurrtatc
1678 3315 1752 3382 lacit,
1767 3325 1794 3371 et
1807 3319 1947 3389 utriusque
1959 3322 1986 3375 in
1999 3322 2047 3378 illo

1253 3398 1416 3467 possibilitas
1431 3417 1507 3470 :equa
1522 3402 1597 3459 lance
1612 3404 1735 3468 libratur.
1749 3415 1776 3461 et
1788 3407 1821 3462 ad
1832 3409 1843 3440 ⁸
1855 3408 1925 3466 bone
1943 3411 2045 3468 iacien-

1253 3488 1315 3544 dum
1332 3490 1402 3545 bens
1416 3490 1579 3562 adjutorium
1591 3495 1776 3551 subministrat
1791 3513 1858 3553 :cur
1868 3515 1932 3570 ergo
1941 3501 1974 3556 ad
1987 3517 2047 3572 pec·

1252 3581 1366 3637 candum
1387 3583 1531 3653 proclivior
1552 3594 1593 3640 est
1613 3595 1708 3641 natura
1731 3588 1884 3643 mortalium
1896 3591 1917 3657 ⁸,
1937 3593 1960 3647 si
1979 3594 2046 3651 nibil

1252 3673 1308 3743 egit
1327 3673 1457 3744 originale
1478 3676 1636 3742 peccatum?
1650 3676 1777 3744 Quamvis
1791 3687 1819 3733 ct
1840 3681 1927 3751 ipsum
1939 3681 2048 3753 adjuto·

1252 3763 1333 3827 rium,
1355 3763 1426 3833 qaod
1444 3762 1649 3837 subministrare
1663 3768 1746 3822 Oeam
1768 3770 1896 3841 cogimini
1910 3772 2043 3841 conliteri,

1252 3853 1330 3923 quale
1347 3852 1443 3937 dicatis
1460 3868 1538 3922 esse,
1552 3871 1607 3910 non
1627 3855 1719 3912 lateat.
1740 3856 1840 3930 Legem
1859 3862 1975 3932 quippe,
1990 3879 2044 3920 non

1252 3943 1375 4014 spiritum
1385 3944 1493 4010 dicitis,
1508 3961 1568 4001 cnm
1588 3946 1685 4003 Paulus
1698 3950 1836 4018 apostolus
1849 3965 1900 4021 pcr
1912 3953 2045 4009 submini-

1251 4024 1408 4092 strationem
1418 4036 1533 4105 Spiritus
1544 4039 1629 4092 sarrcti
1643 4053 1692 4093 nos
1704 4038 1800 4095 doceat
1818 4041 1939 4112 adjurari
1958 4045 1968 4116 l
1977 4043 2042 4099 Piri-

1252 4125 1316 4198 iipp.
1327 4143 1347 4193 r,
1362 4126 1418 4198 ta).
1432 4126 1509 4194 Quod
1532 4126 1591 4181 ideo
1610 4130 1874 4185 commemorandum
1888 4134 1998 4202 putavi,
2013 4150 2046 4191 ne

1252 4218 1320 4273 iorte
1332 4218 1377 4288 qni
1390 4217 1501 4272 audiant
1519 4218 1561 4273 vel
1576 4217 1668 4290 legunt
1685 4218 1719 4274 dc
1739 4220 1991 4279 subministratione
2004 4224 2046 4280 di·

1251 4311 1305 4364 vini
1314 4309 1439 4380 adiutorii
1452 4309 1611 4366 sententiam
1625 4319 1707 4379 tuam,
1716 4312 1908 4370 obliviscantur
1917 4314 2044 4373 heresim

1251 4407 1378 4454 vostram.

1286 4488 1379 4545 XLlll.
1394 4489 1453 4546 lox.
1468 4489 1583 4546 'lantum
1593 4504 1658 4561 ergo
1669 4492 1739 4549 valet
1755 4491 1805 4547 ista
1817 4492 1967 4562 distinctio,
1980 4494 2043 4553 atsi

1250 4580 1412 4644 nescientes,
1427 4579 1498 4652 quod
1514 4595 1529 4634 a
1544 4582 1663 4651 possibili
1685 4580 1794 4651 incipit,
1814 4582 1841 4638 in
1857 4586 2040 4641 necessarium
2070 4632 2079 4643 .

1249 4671 1450 4738 concludamus,
1474 4672 1564 4727 omnia
1586 4673 1697 4728 crimina
1719 4672 1753 4729 ad
1777 4673 1860 4729 Ocum
1887 4686 2040 4734 recurrant.

1249 4762 1325 4830 Ouod
1334 4761 1496 4817 barrtchaeus
1510 4761 1612 4829 videns,
1625 4764 1749 4818 tenebras
1762 4765 1864 4834 pcccati
1879 4767 2043 4837 excogitavit

1248 4863 1395 4909 arrctores:
1415 4867 1468 4908 non
1488 4853 1559 4908 enim
1578 4853 1663 4907 valuit
1677 4854 1747 4909 inter
1766 4854 1894 4923 possibile
1913 4871 2041 4911 neeessa-

1248 4945 1370 5014 riumquc
1381 4943 1553 5014 distinguere.
1567 4943 1652 4999 Omne
1662 4959 1725 5015 crgo
1739 4944 1811 5015 quod
1825 4946 1986 5002 naturaliter
1997 4947 2043 5003 ba·

1248 5035 1293 5091 bct
1304 5035 1395 5097 homo,
1409 5035 1578 5091 anecessarii
1595 5044 1671 5105 parte
1691 5037 1802 5092 sortitus
1816 5045 1858 5093 est
1880 5056 1887 5092 :
1909 5039 2041 5110 quianon

1250 5125 1421 5198 potuitalitcr
1432 5140 1492 5181 esse
1504 5142 1583 5196 quam
1597 5125 1683 5182 sactus
1694 5137 1746 5182 est.

1285 5217 1352 5272 doe.
1375 5215 1434 5270 lam
1453 5217 1532 5287 paulo
1554 5226 1616 5272 ante
1635 5218 1792 5286 monstravi,
1816 5233 1897 5289 quam
1915 5236 1985 5276 vana
2008 5223 2043 5277 sit

1249 5307 1379 5361 sententia
1390 5306 1462 5368 ista:
1481 5305 1683 5362 stolidissimum
1698 5317 1737 5364 est
1752 5308 1825 5364 enim
1836 5309 1859 5378 ¹,
1874 5308 1976 5367 babere
1990 5312 2042 5367 lao-

1281 5543 1290 5574 ¹
1308 5548 1333 5591 tn
1345 5541 1418 5592 editis
1428 5543 1552 5614 inmissum,
1563 5541 1681 5615 quomodo
1691 5544 1824 5596 sectandam
1832 5550 1886 5596 trax
1898 5547 2044 5608 deaurato·

1248 5608 1427 5676 nescacaxctar
1438 5616 1454 5653 o
1465 5615 1573 5654 emmae.
1586 5610 1683 5667 tegitur
1694 5612 1776 5656 tamen
1787 5607 1812 5656 in
1833 5609 1949 5659 oamibus
1959 5623 2044 5661 annu·

1248 5671 1371 5784 ηιξ,
1384 5724 1477 5789 recipit.

1281 5786 1292 5819 ,
1340 5788 1346 5798 .
1360 5789 1365 5798 .

1279 5847 1293 5940 ζ
1308 5787 1625 5899 {ic'i'ss'f'iia'i‘f'iieciiffii
1635 5849 1746 5911 eurtum
1757 5851 1871 5915 prom
1881 5849 1994 5906 ιιιιιιιι.

1282 5969 1292 6000 ⁸
1307 5908 1551 6042 iig'iriseiuiilngffnfflrrrtrii
1559 5910 1664 6021 rma
1676 5970 1821 6024 mortalium.
1833 5975 1917 6037 abest,
1926 5975 2045 6043 imm,
2091 5956 2101 5979 ⁸

1251 6040 1469 6143 aqa‘ucqffix
1482 6100 1543 6145 met.
1556 6094 1595 6145 bic
1606 6093 1686 6157 abdit,
1705 6095 1793 6147 dicere.
