4900 6892
409 684 481 743 tots

404 797 527 866 corporis
536 798 577 867 agi
592 816 597 850 ι
610 795 656 853 sed
668 795 758 867 potius
767 796 894 851 debemus
904 791 1052 859 attendere,
1066 806 1199 861 perquem

405 893 442 949 ιιι
455 903 527 945 mors
542 890 598 962 ipsa
611 888 644 943 de
658 902 709 960 qua
724 887 821 959 agitor,
835 895 923 940 atrum
938 883 1082 954 pcqllcum
1095 883 1139 953 qul
1154 882 1200 935 be

408 979 507 1039 minem
520 977 650 1046 condidit,
664 993 698 1032 an
712 993 758 1047 per
772 976 907 1032 ltomiuem
918 974 961 1046 qui
975 973 1111 1046 peccando
1121 988 1199 1028 causa

406 1068 486 1140 liujus
500 1069 593 1124 mortis
607 1068 718 1123 exstitit.
734 1065 786 1122 Sed
801 1065 862 1131 boc,
878 1074 908 1120 ut
921 1064 985 1131 diri,
1000 1062 1137 1118 attendere
1151 1061 1199 1116 de-

408 1159 503 1221 bemus
515 1160 541 1214 ιιι
555 1168 678 1230 prompto
693 1159 823 1228 positum.
839 1172 892 1211 non
908 1156 983 1226 quasi
998 1155 1114 1210 abditam
1128 1168 1203 1225 quo-

406 1265 477 1311 rere,
497 1249 563 1305 Nam
583 1259 609 1303 ct
629 1248 697 1303 banc
718 1247 828 1303 abstulit
847 1246 988 1316 Apostolus
1008 1245 1198 1316 quaestionem,

405 1341 573 1415 apertissime
582 1338 684 1403 dicens,
696 1336 745 1393 Per
756 1338 880 1391 bontiaem
891 1353 968 1391 mors.
979 1336 1010 1390 fa
1020 1335 1078 1405 quis
1088 1344 1128 1389 est
1139 1334 1198 1397 iste,

405 1429 458 1486 nisi
472 1429 573 1501 primus
585 1428 689 1483 ridant?
702 1426 760 1496 lpse
771 1436 811 1482 est
821 1425 920 1497 quippe
929 1424 984 1492 ille,
995 1423 1029 1479 de
1038 1439 1090 1494 qno
1101 1422 1199 1488 dictum

406 1530 458 1588 est,
477 1520 527 1576 Per
539 1537 615 1575 tratum
629 1519 755 1573 bominem
770 1527 900 1588 peccatum
914 1517 1014 1570 intrauit
1026 1517 1052 1569 in
1067 1514 1198 1577 mundum,

406 1622 430 1669 et
440 1631 487 1685 prr
501 1623 629 1682 peccotrnn
644 1612 730 1667 morr¹
747 1629 754 1667 :
770 1611 811 1665 cul
827 1609 989 1665 econtrario
1003 1604 1086 1662 aldam
1102 1622 1199 1661 secun·

406 1703 457 1760 dos
470 1703 621 1775 opponitur,
636 1701 681 1773 qui
695 1710 735 1756 cst
749 1699 833 1756 lorma
846 1698 924 1754 loturi
938 1699 1027 1769 (llum.
1039 1714 1067 1765 v,
1079 1696 1123 1765 li,
1139 1696 1199 1767 ll),

408 1792 518 1853 undeet
532 1791 574 1849 bic
586 1792 685 1847 dictum
700 1801 751 1857 est,
768 1790 819 1845 Per
831 1790 957 1844 bominem
971 1804 1049 1853 arere,
1064 1796 1087 1841 et
1099 1804 1143 1855 per
1155 1787 1200 1841 lro·

408 1885 499 1941 aunem
510 1885 658 1938 rerurrectio
668 1892 834 1939 mortuoram.
843 1880 887 1937 Sic
898 1895 961 1952 erqo
969 1889 1010 1936 est
1017 1878 1199 1948 accipiendum

406 1977 477 2047 quod
490 1977 536 2042 ait,
550 1976 564 2030 1
568 1995 583 2031 a
597 1976 679 2029 Adam
690 1991 775 2031 ornnes
787 1973 946 2038 irretimur,-
957 1982 985 2026 ut
996 1987 1047 2027 non
1061 1971 1200 2026 oblivisca-

406 2083 467 2123 mur
477 2068 545 2139 quod
556 2069 602 2131 ait,
616 2066 666 2121 Per
677 2067 802 2121 bominem
812 2081 888 2120 mora.
900 2062 962 2120 ideo
971 2063 1068 2134 quippe
1079 2062 1105 2116 in
1116 2061 1200 2117 aldam

408 2172 501 2213 omrres
512 2157 671 2223 moriuntur,
682 2157 742 2225 quia
753 2171 801 2228 per
811 2154 945 2210 bominem
958 2168 1030 2209 mors
1042 2171 1047 2207 :
1060 2152 1128 2207 sicut
1141 2150 1200 2208 ideo

407 2246 434 2301 in
447 2247 554 2301 Christo
567 2247 742 2323 vlrillcootur,
757 2246 817 2316 quio
833 2259 880 2315 per
893 2244 1027 2298 bominem
1041 2242 1200 2298 resurrectio

407 2348 583 2394 mortuorum.
599 2338 685 2393 llomo
701 2337 793 2408 igitur,
809 2347 836 2393 et
854 2337 955 2392 bomo:
969 2335 1039 2390 sieut
1055 2349 1118 2404 ergo
1133 2348 1201 2388 uuus

407 2429 468 2496 istc,
483 2429 521 2484 sic
535 2443 602 2484 tutus
615 2437 658 2484 est
671 2428 730 2494 ille;
745 2442 776 2481 ae
790 2442 837 2496 per
850 2426 915 2491 boe,
931 2424 991 2490 quia
1009 2423 1089 2478 bomo
1104 2438 1200 2478 sccun-

406 2521 458 2577 dos
471 2530 512 2575 cst
526 2521 587 2585 istc,
604 2519 684 2574 bomo
698 2520 798 2588 primus
810 2526 852 2573 est
866 2517 919 2570 ille.
928 2514 1033 2571 Scimus
1041 2503 1135 2580 Adam,
1145 2514 1199 2568 sie-

407 2622 437 2666 ut
450 2625 661 2676 commemoras,
676 2609 781 2665 hebraea
796 2608 883 2678 lingua
900 2607 1036 2662 bominem
1065 2605 1116 2661 dici
1132 2623 1137 2659 :
1153 2604 1200 2662 sed

408 2718 461 2756 nou
472 2701 534 2756 bine
544 2702 656 2757 elicitur
665 2701 735 2772 qood
748 2697 976 2771 impudentissime
988 2696 1146 2767 persuadere
1157 2711 1201 2752 co·

408 2793 491 2858 naris,
508 2804 536 2848 ut
550 2794 575 2848 iu
590 2809 623 2849 eo
638 2793 709 2863 quod
722 2791 789 2847 dixit
803 2791 958 2861 Apostolus,
973 2788 1006 2844 ln
1020 2789 1103 2843 Adam
1117 2805 1201 2844 omme

408 2883 568 2951 ntoriurrtor,
591 2898 696 2938 omnent
720 2882 858 2937 mortalem
882 2881 1017 2936 bominem
1039 2879 1202 2951 significasse

408 2973 548 3038 credatur,
561 2983 587 3028 ot
603 2973 703 3028 seilicet
719 2988 770 3026 non
785 2971 810 3025 iu
825 2971 870 3026 illo
884 2971 971 3040 primo
982 2970 1100 3039 bomine,
1115 2971 1200 3026 sedin

408 3063 522 3135 eoquod
536 3063 661 3119 mortales
673 3070 745 3129 strat,
756 3060 938 3117 existimemus
948 3077 1041 3118 omnes
1054 3062 1131 3117 mori.
1143 3062 1201 3117 Noli

409 3156 553 3211 obscurare
566 3153 654 3217 clara,
669 3161 740 3208 reeta
758 3161 928 3223 pervertere,
944 3151 1082 3222 implicare
1098 3152 1201 3223 simpli·

408 3245 450 3300 eia
465 3262 472 3299 ε
488 3244 513 3299 ιιι
529 3244 572 3299 illo
586 3243 735 3300 moriuntur
748 3257 855 3308 omnes,
874 3257 1016 3314 perquem
1031 3259 1119 3310 mors;
1135 3244 1204 3299 sieut

410 3337 437 3392 iu
452 3337 497 3392 illo
511 3336 684 3403 vivificantur,
699 3351 837 3407 perquem
852 3335 1012 3390 resurrectio
1025 3343 1201 3390 mortuorum.

410 3428 445 3485 Et
463 3429 522 3500 quis
540 3438 580 3485 est
599 3429 664 3496 iste,
682 3428 732 3482 nisi
750 3426 882 3483 secundus
899 3425 998 3480 bomo?
1011 3425 1070 3496 quis
1086 3440 1149 3496 ergo
1163 3435 1205 3481 est

410 3520 471 3590 illc,
487 3520 537 3577 nisi
551 3521 650 3591 primus
664 3518 764 3574 bomo?
781 3518 896 3574 Proinde
910 3517 969 3588 quis
985 3517 1052 3583 iste,
1072 3517 1121 3572 nisi
1137 3533 1204 3572 uirus

410 3621 452 3669 cst
469 3610 609 3668 Cltrlstua?
625 3611 684 3682 quis
703 3611 748 3666 ille
766 3610 815 3665 nisi
833 3625 901 3666 unus
919 3609 1023 3664 lldaml
1038 3607 1129 3678 ltaque
1142 3611 1205 3664 sicat

410 3703 565 3774 portavimus
584 3702 719 3774 imoqt'nem
737 3699 859 3754 terrestris
881 3700 1004 3765 lrominir,
1023 3699 1058 3752 ito
1078 3709 1205 3769 portemus

410 3795 486 3849 ctiam
506 3793 621 3848 corlenis.
637 3792 770 3846 ludicatur
788 3790 870 3858 illud,
889 3791 940 3845 boe
959 3791 1104 3863 imperatur
1120 3809 1126 3844 ι
1141 3790 1204 3846 illud

410 3883 509 3955 quippe
520 3882 575 3952 lam
590 3894 707 3951 presens
721 3889 779 3947 est,
795 3880 846 3935 boe
862 3878 989 3935 loturum.
1004 3879 1039 3935 Et
1056 3879 1115 3936 ideo
1134 3880 1205 3935 illam

410 3973 574 4047 portavimus
588 3973 729 4042 imaginem
744 3969 895 4027 conditione
910 3969 1047 4034 noscendi,
1063 3980 1088 4026 ct
1104 3971 1206 4041 peccati

409 4065 570 4136 contagione
585 4082 591 4119 :
607 4063 674 4118 lianc
685 4072 772 4118 autem
785 4070 922 4132 portamus
930 4063 1014 4130 gratia
1029 4062 1205 4129 renascendi;

410 4162 643 4227 portamosautcm
657 4153 761 4208 interim
774 4167 832 4223 spe,
843 4166 871 4206 re
884 4167 947 4208 vero
956 4154 965 4183 ¹
975 4153 1207 4223 portabimoscam

411 4243 522 4313 prtentio
537 4242 709 4314 resurgendi,
725 4252 752 4298 et
766 4241 841 4297 beate
853 4241 976 4313 justeque
991 4242 1128 4314 regnandi.
1142 4245 1208 4311 Quae

412 4349 473 4389 eum
489 4334 525 4388 ιιι
538 4334 601 4401 siut,
616 4348 688 4389 mors
700 4332 807 4403 quidem
823 4328 937 4387 hominis
951 4333 984 4387 ιιι
1000 4333 1123 4398 instituti,
1139 4343 1166 4389 et
1180 4335 1207 4389 in

411 4440 446 4481 co
458 4425 593 4481 constituti
609 4424 685 4491 loco,
703 4431 731 4477 ut
747 4438 799 4478 non
815 4430 973 4488 moreretur,
990 4422 1039 4478 nisi
1053 4434 1206 4495 pecotssct,

412 4514 471 4569 sine
490 4513 653 4568 dubitatione
673 4513 784 4583 poeualis
802 4521 842 4567 est
859 4529 865 4564 :
882 4511 928 4566 sed
951 4512 1005 4567 lico
1028 4527 1075 4582 per
1096 4514 1207 4583 qratiam

412 4618 488 4661 suam
503 4604 529 4660 ιιι
542 4620 618 4660 usum
633 4604 709 4659 nobis
721 4603 818 4659 bonurn
834 4604 948 4674 poenalia
964 4603 1033 4659 rnarla
1046 4615 1135 4659 nostra
1150 4621 1209 4660 ver·

414 4705 499 4764 tcntc,
514 4696 540 4751 io
554 4705 698 4767 conspecto
714 4694 816 4750 bomini
831 4696 946 4764 pretiosa
959 4703 1000 4750 est
1014 4710 1086 4750 mors
1100 4706 1204 4751 sancto·

413 4803 475 4843 ram
494 4787 561 4856 ejus.
582 4786 721 4842 Perillam
740 4793 858 4851 certant,
874 4785 942 4839 sicut
957 4801 1003 4855 per
1018 4785 1182 4857 disciplinam
1199 4805 1207 4841 ε

414 4876 557 4948 ῡιιιίριιιια
571 4877 660 4944 enim,
675 4877 743 4932 sicot
762 4874 888 4945 scriptum
903 4883 960 4942 eet,
975 4875 1010 4928 od
1028 4892 1139 4945 procreare
1158 4893 1209 4931 non

414 4968 502 5042 pondii
514 4966 611 5022 ridetur
624 4983 686 5034 erre,
699 4965 744 5020 red
757 4966 882 5032 rrtattte,·
895 4975 981 5035 posteo
992 4982 1058 5032 uero,
1070 4965 1209 5021 uberiorem

415 5062 533 5132 fractum,
545 5059 584 5113 lu'r
594 5060 638 5132 qui
648 5076 693 5128 per
702 5075 758 5113 eom
768 5068 904 5124 certarunt,
913 5059 995 5113 reddit
999 5060 1108 5130 justitie
1115 5060 1130 5130 ι
1130 5058 1206 5114 lleir.

419 5165 465 5214 ιιι,
481 5152 536 5221 ιι).
551 5149 591 5205 Tu
604 5157 704 5214 autem,
714 5149 760 5220 qui
773 5158 887 5203 mortem
899 5150 1019 5218 corporis
1031 5149 1110 5206 etiam
1124 5151 1149 5203 in
1162 5165 1210 5222 pa·

416 5240 520 5310 radlso,
536 5240 615 5297 ctiam
630 5249 758 5311 peccante
771 5239 859 5305 nullo,
874 5239 987 5299 lotorum
1003 5238 1083 5295 luisse
1097 5249 1209 5297 ceraten-

399 5333 475 5403 ιιι,
490 5332 574 5389 bostis
587 5348 616 5388 es
630 5333 720 5404 gratie
736 5331 798 5397 liei,
812 5330 949 5402 bustisque
961 5340 1128 5398 sanctorum,
1142 5349 1206 5403 quo-

415 5424 477 5482 r'tttn
491 5437 564 5480 mors
578 5421 694 5493 pretiosa
707 5430 762 5486 est,
779 5436 827 5493 per
844 5421 915 5476 illam
934 5421 1090 5477 certantium
1110 5422 1211 5479 intrare

416 5523 496 5588 atque
511 5514 631 5571 babitare
646 5513 807 5585 paradisum.
821 5511 880 5569 Nou
896 5512 967 5568 enim
981 5522 1095 5570 mortem
1109 5515 1209 5584 solam,

417 5604 444 5675 id
457 5614 509 5674 est,
521 5603 712 5661 resolutionem
724 5603 819 5659 animae
832 5618 847 5657 a
860 5618 982 5673 corpore,
996 5605 1110 5660 nolentis
1122 5614 1210 5661 tamen

414 5696 542 5771 spoliari,
562 5695 609 5752 ocd
623 5695 813 5766 supervestiri,
834 5704 862 5750 ut
880 5694 1054 5769 absorbeatur
1070 5696 1182 5751 mortale
1197 5712 1211 5750 a

417 5790 470 5846 tila
481 5788 514 5863 (tl
526 5787 585 5845 Cor.
598 5804 626 5854 t,
638 5788 681 5861 l);
695 5787 741 5846 sed
755 5789 834 5844 etlam
848 5802 942 5844 omnes
955 5789 1072 5855 morbos,
1085 5798 1111 5844 et
1123 5789 1212 5844 omnia

449 5964 460 5996 ¹
474 5959 544 6015 ratri.
558 5967 581 6012 et
600 5974 644 6024 per
654 5959 772 6012 muricem
785 5973 848 6012 mors
861 5973 870 6012 .·
883 5962 1000 6012 mendose
1011 5975 1038 6014 ac
1049 5961 1214 6013 dlmeotieuti·

418 6024 468 6077 bus
478 6024 653 6086 manuscriptis.

414 6082 594 6203 ‘nmmum
603 6083 682 6136 oodet
695 6091 825 6136 tortamm.
843 6081 885 6134 alii
896 6087 1023 6148 uranuserir
1033 6089 1050 6138 ti
1069 6100 1124 6137 eum
1133 6087 1213 6146 editis,

1106 675 1204 733 traso
1224 675 1380 749 settrus.¹

1975 674 2044 741 ¹5⁸⁶

1250 789 1500 860 gerremmalorum,
1512 802 1571 859 qum
1585 786 1706 844 lromiues
1718 805 1770 856 non
1784 787 1897 855 vqlendo
1907 786 1978 844 lerre
1987 802 2044 842 mo·

1251 884 1366 952 riantur,
1382 891 1508 953 quantum
1522 879 1554 934 ad
1568 889 1593 934 te
1605 880 1709 950 attinet,
1721 880 1747 935 in
1763 882 1849 935 locum
1864 887 1944 936 tauta
1958 876 2041 934 lellci·

1252 975 1313 1030 tatis
1331 984 1357 1030 ct
1374 972 1471 1042 quietis
1488 971 1630 1027 immittis:
1645 971 1717 1044 quod
1734 985 1826 1028 errore
1843 980 1942 1042 quanto
1963 967 2044 1025 lacios

1251 1065 1339 1130 video,
1354 1063 1400 1120 sed
1421 1080 1472 1133 qua
1488 1060 1574 1118 lronte
1590 1063 1690 1117 neseio.

1287 1154 1395 1210 xxtttt.
1414 1155 1473 1211 lut.
1494 1154 1593 1209 Verum
1614 1164 1697 1208 totum
1718 1162 1870 1209 contextura
1891 1150 1942 1206 loci
1962 1149 2045 1222 ipsius

1252 1251 1419 1304 ventilemus.
1440 1247 1487 1313 Si,
1511 1248 1614 1319 inquit,
1632 1246 1747 1301 Christro
1766 1244 1918 1319 prodiretur
1936 1244 1996 1316 quio
2014 1258 2046 1297 ca

1251 1342 1355 1398 mortuis
1367 1341 1512 1406 resurrexit,
1524 1339 1648 1410 utromodo
1660 1336 1762 1409 quidum
1774 1338 1860 1391 dicunt
1872 1337 1898 1389 ιιι
1909 1333 1976 1390 uolrir
1985 1335 2045 1407 quio

1250 1432 1399 1488 rerurrectio
1421 1440 1576 1485 mortuorum
1594 1447 1644 1485 nort
1663 1429 1722 1483 eati
1740 1427 1771 1484 Si
1792 1437 1876 1481 urttrm
1896 1426 2046 1482 resurrectio

1251 1533 1407 1577 mortuorum
1426 1539 1475 1576 non
1490 1532 1542 1587 eat,
1558 1539 1603 1576 nee
1620 1521 1734 1576 Cltrirtut
1753 1520 1888 1574 resurrexit
1904 1534 1913 1574 .·
1927 1519 1950 1575 ιι
1962 1529 2046 1573 autem

1250 1608 1366 1667 Cbrirtar
1380 1628 1429 1665 non
1443 1614 1590 1676 resurrexit,
1605 1612 1688 1665 inertis
1700 1599 1899 1682 ert'prtedicutt'u
1914 1618 2010 1672 nostro,
2023 1618 2046 1660 et

1250 1719 1330 1758 saeuo
1342 1711 1378 1758 erl
1387 1704 1450 1772 pidet
1464 1713 1546 1758 restro
1558 1705 1565 1735 ¹
1578 1721 1585 1769 ;
1599 1703 1739 1757 irtvmimur
1752 1703 1827 1757 etiarn
1835 1701 1894 1772 sulti
1902 1711 1975 1755 tester
1988 1699 2044 1764 Dei,

1250 1797 1311 1866 quio
1327 1796 1496 1851 testimouium
1508 1797 1617 1851 diximus
1631 1797 1751 1851 odrerrur
1771 1794 1869 1861 Derai,
1884 1794 1951 1866 quod
1964 1794 2046 1849 sarci·

1251 1886 1340 1941 tcoert't
1353 1885 1495 1951 Christum,
1509 1902 1582 1956 quem
1599 1903 1650 1939 non
1668 1885 1806 1940 suscitarit.
1826 1883 1857 1940 Si
1873 1885 1939 1938 eninr
1954 1884 2047 1938 mortui

1251 1995 1302 2034 nen
1317 1988 1468 2051 reattrqunl,
1482 1995 1527 2033 nec
1539 1976 1654 2034 caretum
1669 1978 1804 2031 resurrexit
1818 1992 1827 2031 .·
1839 1977 1861 2031 st'
1873 1986 1956 2030 autern
1971 1975 2045 2030 Clui-

1250 2079 1305 2124 strts
1318 2086 1370 2125 non
1384 2070 1537 2132 resurrexit,
1555 2085 1620 2124 uano
1639 2077 1675 2123 ert
1692 2068 1756 2136 pidet
1774 2076 1873 2133 uestro,
1890 2067 1949 2140 quio
1963 2065 2047 2119 urllruc

1250 2159 1309 2215 eatis
1321 2159 1348 2214 iu
1363 2160 1472 2229 peccatis
1485 2159 1591 2225 ararim
1605 2169 1629 2213 et
1642 2158 1684 2228 qui
1696 2159 1852 2212 dormierunt
1863 2174 1921 2229 erpo
1935 2158 1961 2211 in
1974 2156 2047 2212 Cirri-

1250 2259 1300 2318 sto,
1314 2251 1451 2322 perierunt.
1468 2249 1499 2306 Si
1510 2250 1537 2305 in
1550 2251 1597 2304 lroe
1609 2252 1659 2305 rito
1671 2251 1697 2304 in
1708 2248 1828 2306 Clrrt'uo'
1843 2251 1973 2318 speramur
1988 2260 2045 2303 ton·

1252 2351 1322 2408 tam,
1342 2342 1535 2397 aumantium
1555 2357 1641 2396 rantur
1664 2340 1778 2396 omnibus
1799 2338 1949 2395 lromt'm'bur.
1972 2337 2048 2393 Naue

1251 2442 1335 2487 eutem
1346 2433 1461 2489 ctutum
1472 2449 1504 2487 cx
1518 2432 1623 2487 mortuis
1637 2431 1773 2487 resurrecti
1790 2430 1908 2500 prirtrititu
1922 2432 2048 2503 dormien-

1252 2523 1326 2591 tium,
1339 2524 1458 2593 quertiom
1471 2523 1571 2593 quidem
1586 2540 1630 2592 per
1644 2523 1770 2577 lrornirtcm
1783 2538 1861 2587 mora,
1874 2530 1898 2576 et
1912 2537 1956 2588 per
1968 2520 2049 2574 lrorttt'-

1252 2631 1309 2669 netu
1324 2616 1472 2670 rerumcctio
1484 2624 1650 2669 mortuorum.
1665 2612 1737 2669 Sicut
1749 2613 1815 2668 enim
1828 2613 1855 2667 in
1868 2611 1951 2665 Adam
1964 2628 2049 2666 carues

1252 2707 1404 2774 aroriuntur,
1418 2707 1454 2760 itu
1466 2715 1489 2761 ct
1502 2707 1527 2760 iu
1538 2703 1637 2761 Clrrirto
1649 2721 1735 2759 curaer
1746 2704 1950 2773 vivificabantur.
1963 2701 2050 2758 Unct-

1252 2788 1356 2868 qaicquc
1371 2807 1456 2852 eutem
1470 2798 1496 2851 in
1511 2811 1557 2850 ruo
1571 2795 1677 2861 ordinm
1692 2795 1810 2866 priaritioe
1821 2793 1946 2860 Clrrirtm,
1959 2793 2051 2847 deiude

1253 2888 1280 2941 tu·
1296 2888 1341 2957 qui
1359 2898 1417 2942 runt
1436 2887 1547 2953 (Σιιιιιιι,
1561 2887 1605 2956 qai
1623 2887 1650 2940 in
1668 2886 1777 2941 aduentu
1796 2886 1866 2957 cium·
1885 2883 1976 2939 deinde
1990 2883 2050 2955 finis

1253 2975 1281 3048 (l
1293 2976 1351 3032 Cor.
1368 2994 1414 3043 xv,
1430 2977 1535 3048 lm).

1289 3069 1358 3125 duo.
1373 3069 1561 3125 l'cntilandum
1578 3077 1662 3125 totum
1678 3069 1759 3125 istum
1777 3069 1804 3124 in
1823 3068 1976 3140 apostolicis
1991 3067 2049 3123 Lit-

1255 3160 1319 3217 teris
1332 3159 1500 3231 decerperis
1519 3159 1716 3217 resurrectione
1734 3159 1822 3216 locum
1843 3156 1904 3216 idco
1919 3168 1944 3214 te
1958 3173 2050 3214 susec-

1254 3253 1337 3321 pissc,
1352 3261 1381 3307 ut
1394 3251 1508 3307 haberes
1521 3252 1689 3308 occasionem
1702 3266 1753 3322 qua
1767 3261 1840 3306 tuum
1853 3251 2050 3323 multiloquium

1254 3341 1371 3410 copiosa,
1387 3341 1409 3395 si
1424 3341 1474 3396 dici
1490 3349 1587 3412 potest,
1602 3349 1721 3411 egestate
1734 3339 1908 3408 diffunderes,
1923 3341 1996 3396 etad
2011 3351 2051 3397 tot

1254 3429 1337 3485 libros
1356 3430 1504 3500 implendos
1523 3430 1569 3485 tibi
1585 3431 1714 3500 evagandi
1733 3431 1818 3499 spatia
1835 3445 2008 3501 procurares,
2024 3420 2062 3484 in¹

1256 3522 1312 3593 ipsa
1325 3531 1367 3576 tua
1378 3522 1479 3591 prolixa
1490 3530 1517 3578 et
1528 3536 1727 3592 supervacanea
1736 3522 1916 3593 disputatione
1928 3521 2051 3589 clarebit.

1291 3610 1411 3667 xxxttt.
1422 3611 1481 3667 lue.
1497 3611 1622 3667 instruxit
1634 3612 1763 3667 acerrime
1775 3610 1981 3682 disputationem
1995 3625 2052 3665 ma·

1256 3703 1339 3774 gister
1350 3702 1480 3772 egregius,
1492 3709 1520 3757 et
1532 3716 1606 3770 spem
1620 3700 1699 3756 nobis
1708 3700 1742 3757 de
1752 3700 1888 3757 consortio
1899 3698 2052 3757 llediatoris

1257 3793 1384 3864 ingessit,
1399 3807 1524 3848 asserens
1542 3793 1615 3849 illurn
1636 3792 1789 3860 bominem,
1805 3802 1931 3869 quantum
1950 3800 2053 3867 spectat

1256 3884 1291 3941 od
1303 3885 1478 3941 substantiam
1490 3899 1540 3955 qua
1552 3883 1628 3940 uobis
1636 3884 1766 3957 jungitur,
1778 3884 1843 3940 nibil
1855 3892 1995 3955 exceptum
2006 3884 2052 3940 lra-

1257 3977 1358 4043 buisse‚
1373 3977 1579 4048 opinionemque
1593 3993 1673 4047 quam
1689 3977 1830 4033 infidelitas
1845 3977 1984 4042 sciscebat.
2000 3990 2051 4032 non

1258 4069 1348 4124 minus
1358 4068 1464 4124 Cltristo
1474 4068 1648 4139 prejudicare
1658 4084 1737 4140 posse
1747 4086 1826 4140 quam
1837 4064 1924 4124 nobis.
1935 4068 1979 4126 Sic
1989 4083 2053 4140 ergo

1258 4158 1353 4216 ntlscet
1365 4159 1500 4229 negotium
1510 4157 1609 4214 Cbristi
1619 4168 1646 4213 et
1659 4158 1806 4226 bominum,
1820 4168 1848 4214 ut
1859 4174 1969 4215 neeesse
1980 4160 2015 4215 sit
2026 4160 2051 4215 in

1258 4260 1371 4323 utraque
1381 4261 1456 4322 parte
1468 4249 1551 4317 credi,
1565 4250 1635 4321 qood
1649 4250 1675 4305 in
1689 4250 1771 4306 altera
1785 4260 1934 4306 censeatur.
1947 4249 2052 4321 Opinati

1258 4344 1357 4416 qnippe
1371 4342 1476 4399 lucrant
1488 4357 1535 4413 per
1547 4342 1618 4397 idem
1633 4352 1738 4413 tempus
1749 4341 1879 4409 bornincs,
1892 4343 1951 4413 quia
1965 4348 2056 4398 r'esur-

1259 4435 1342 4491 rectio
1363 4443 1530 4490 mortuorum
1547 4432 1633 4489 lutura
1649 4449 1702 4489 nou
1720 4443 1791 4490 esset
1807 4451 1813 4486 ι
1829 4449 1883 4489 non
1901 4445 1988 4488 tamen
2007 4448 2053 4491 re·

1259 4524 1409 4581 surrexisse
1427 4523 1563 4580 Clrristum
1584 4523 1724 4595 negabant.
1742 4522 1843 4594 Arripit
1860 4522 1911 4578 boe
1929 4522 2055 4594 llaqister

1259 4615 1396 4682 Gentium,
1409 4625 1436 4672 et
1448 4615 1601 4687 pronuntiat
1613 4630 1723 4673 necesse
1732 4629 1793 4672 esse
1804 4623 1832 4670 nt
1841 4614 1886 4670 oni
1900 4613 2054 4684 praeiudicio

1261 4721 1322 4777 pars
1336 4716 1447 4778 utraque
1459 4707 1494 4762 sit
1508 4707 1609 4776 pervia,
1624 4716 1649 4763 et
1663 4714 1709 4761 aot
1721 4718 1815 4761 omues
1827 4704 1949 4759 lromincs
1963 4718 2051 4759 resm-

1259 4800 1369 4866 recturi,
1384 4810 1428 4855 aut
1443 4815 1492 4857 nec
1504 4799 1626 4854 cbristus
1639 4798 1818 4873 resurrexisse
1829 4797 1962 4855 credatur.
1974 4796 2055 4854 Certe

1259 4889 1330 4947 bane
1340 4891 1394 4946 vina
1407 4891 1433 4945 ln
1446 4889 1608 4961 disputando
1618 4889 1762 4959 Apostolus
1775 4904 1827 4944 oon
1841 4888 1961 4954 baberet,
1975 4889 1997 4945 sl
2012 4903 2056 4944 se·

1260 4981 1376 5043 eundum
1390 4980 1548 5037 llaoiebaeos
1562 4990 1694 5037 eteorum
1708 4980 1852 5052 discipulos
1864 4970 2053 5047 Traduciauos,

1260 5087 1369 5128 carnem
1381 5071 1480 5127 Cbristi
1494 5087 1508 5126 a
1522 5084 1624 5128 naturae
1640 5081 1739 5130 nostrae
1758 5073 1945 5130 communione
1957 5072 2055 5129 distin·

1260 5171 1365 5234 guerel.

1298 5255 1364 5310 lvo.
1377 5253 1514 5310 blonielraai
1528 5271 1581 5311 nou
1596 5264 1668 5318 sont,
1684 5254 1728 5325 qui
1744 5269 1851 5311 earnem
1865 5253 1993 5311 Caristia
2006 5271 2056 5310 na·

1262 5355 1329 5402 turre
1343 5355 1442 5400 nostrae
1455 5346 1663 5401 eommuniuue¹
1676 5344 1858 5417 distinguunt;
1874 5345 1920 5405 sed
1935 5345 1979 5419 qui
1995 5345 2056 5401 nul·

1263 5436 1314 5491 lam
1326 5452 1433 5492 earnem
1444 5435 1578 5491 Clrristom
1593 5435 1716 5491 babuisse
1729 5435 1994 5493 contendentibus
2007 5435 2058 5490 lta·

1263 5545 1315 5600 que
1326 5528 1462 5601 jungendo
1481 5528 1659 5595 nantelmus,
1672 5528 1882 5586 anathemandos
1899 5529 2057 5585 vobiscum·

1263 5628 1342 5689 atque
1364 5618 1546 5685 damnandos,
1568 5618 1648 5674 etiam
1672 5634 1764 5676 corum
1789 5620 1912 5678 sublevas
1931 5633 2058 5686 oausam,

1264 5711 1356 5768 dicens
1372 5726 1419 5767 cos
1437 5727 1544 5768 carnem
1558 5709 1656 5769 Clrristi
1670 5727 1686 5768 a
1700 5722 1802 5770 natorae
1818 5721 1918 5768 nostre
1935 5725 2057 5768 commu·

1298 5906 1306 5937 ¹
1321 5906 1359 5955 sic
1369 5911 1422 5954 ttss.
1435 5910 1459 5953 tn
1478 5906 1558 5969 rign,
1569 5913 1658 5958 acero.

1298 5968 1309 5998 ²
1324 5965 1501 6035 t‘ignieriossr'
1522 5965 1548 6016 in
1570 5966 1617 6017 lmc
1628 5967 1675 6018 ritu
1685 5978 1809 6028 spermate
1820 5970 1912 6015 tautam
1926 5974 1935 6014 :
1947 5976 1979 6015 ea
2003 5969 2058 6012 uss.

1266 6027 1371 6085 eluitur,
1383 6040 1409 6075 ta
1420 6026 1523 6079 t'brt'ato.

1300 6089 1362 6137 ’sic
1377 6095 1418 6138 tts.
1440 6096 1500 6139 emt.
1528 6096 1552 6139 tt
1579 6089 1651 6141 mlitl.
1677 6103 1692 6136 tr
1719 6096 1804 6139 aratum
1831 6087 2029 6161 ιιιιιιιιιιιιόιιὶιι,Α

1300 6150 1422 6199 ιιιιειιιι.
1437 6148 1688 6213 trimembrem.
1936 6154 1940 6161 '
