4900 6892
426 687 492 742 tait

423 805 449 858 iu
463 801 614 874 snrraprgis,
634 801 659 855 in
672 799 767 872 quibus
779 795 973 870 disputationes
988 803 1039 848 ture
1053 803 1213 864 precariarum

422 904 448 948 et
462 911 524 949 curn
544 895 702 947 uestimenta
714 891 764 949 sub
777 890 832 945 sole
847 886 947 942 torrido
960 884 1058 941 suerint
1077 887 1161 950 oneri,
1177 896 1216 941 te·

420 999 487 1053 geris
501 984 572 1037 illam
595 981 777 1037 tautunuuodo
805 978 925 1048 corporis
948 976 984 1031 lni
1012 983 1114 1044 partem
1134 991 1213 1047 qulam

419 1073 542 1129 diabolus
567 1073 664 1132 morit.
687 1070 785 1140 reliqna
810 1068 896 1123 raudus
919 1067 1036 1122 incedito
1052 1085 1058 1120 :
1073 1067 1134 1136 quria
1150 1083 1214 1137 pro-

418 1166 529 1220 nuntias
542 1163 673 1234 ingratum
696 1176 756 1216 csso
769 1169 797 1214 et
814 1158 965 1232 profanum,
990 1157 1088 1229 siquid
1111 1167 1215 1229 tegatur

416 1255 491 1325 quod
507 1255 551 1310 liei
564 1253 690 1324 operibus
703 1250 872 1307 adscribitur.
888 1248 963 1315 Quod
985 1264 1044 1303 onm
1057 1249 1152 1304 bonum
1174 1249 1214 1302 ni·

415 1344 454 1400 bil
467 1346 532 1400 lacis
544 1345 577 1414 (si
592 1355 679 1399 ιιιιιιιιι
689 1358 740 1398 ιιοιι
753 1341 916 1413 prolicieudn
927 1343 936 1374 ¹
947 1340 1064 1411 lecet-is),
1073 1340 1137 1410 ipsis
1147 1339 1221 1413 ope?

414 1439 494 1493 ribus
506 1436 650 1493 confirmas
663 1438 775 1493 alterurn
790 1435 823 1491 de
849 1435 963 1503 duobus,
977 1438 1028 1490 'aut
1049 1435 1139 1490 orantia
1163 1437 1212 1492 ista

415 1527 451 1585 ad
468 1529 604 1585 diabolum
622 1530 764 1599 pertinere.
779 1543 839 1598 quac
852 1543 904 1582 non
921 1528 1075 1598 exsequeris
1088 1527 1137 1584 sub
1148 1544 1212 1584 con·

414 1630 512 1690 spectu
525 1622 630 1691 publico
640 1637 647 1686 ;
658 1630 704 1675 aut
713 1620 810 1691 diagora
821 1628 948 1686 uestrum,
963 1618 986 1674 si
998 1634 1052 1675 nou
1063 1619 1155 1688 corde,
1170 1620 1212 1676 rel

367 1765 371 1773 ,
415 1721 511 1767 ιιιιιιιι
524 1721 569 1766 tuo
581 1720 648 1766 teste
661 1710 799 1766 cecidisse.

370 1796 375 1808 '
452 1803 520 1857 Atto.
535 1800 634 1856 Eorum
650 1812 710 1870 quae
723 1800 837 1855 occultat
851 1797 944 1870 pudor,
959 1789 1009 1854 alia
1022 1809 1085 1855 scrut
1102 1800 1213 1856 horribi-

419 1891 462 1956 lia,
480 1891 530 1946 alia
541 1890 755 1960 concupiscibilia
771 1891 831 1946 :illa
843 1891 1010 1956 occuluntur,
1025 1907 1060 1948 ne
1080 1892 1210 1946 luorrcan-

419 1992 471 2050 tnr,
487 1983 556 2037 sient
568 1982 721 2052 egestiones
746 1982 916 2052 reliquiarum
937 1997 969 2037 ex
992 1981 1140 2048 alimentis;
1161 1982 1210 2037 ista

418 2088 489 2138 roro,
506 2088 540 2127 ue
552 2073 782 2142 concupiscantur,
797 2072 837 2128 rol
851 2088 884 2127 ne
898 2071 924 2127 id
939 2071 1010 2143 quod
1034 2089 1081 2142 per
1094 2088 1125 2128 ea
1149 2073 1208 2128 deri

418 2163 666 2228 saleuauonnooot
686 2163 849 2232 concupisci,
869 2159 938 2219 slent
951 2172 1013 2216 snut
1027 2177 1058 2219 ea
1078 2163 1208 2230 ntembra,

417 2269 475 2323 note
489 2254 523 2308 ab
539 2255 595 2324 ipsu
609 2253 712 2325 pudore
725 2254 831 2324 proprie
850 2253 972 2324 pudenda
985 2255 1117 2318 dicuntur,
1134 2255 1175 2310 rel
1187 2256 1210 2313 si

416 2347 454 2400 cis
467 2347 553 2415 ipsum
569 2345 789 2416 coruoupiscentiae
805 2361 872 2417 opus
887 2346 982 2416 agitur.
998 2345 1063 2400 Nam
1075 2355 1102 2401 ot
1113 2355 1209 2403 catera

416 2437 536 2506 corporis
545 2437 579 2492 ab
596 2437 637 2491 luis
654 2438 808 2503 remotiora,
823 2437 971 2507 enmpudot
982 2435 1209 2506 nudareliuqnere

414 2527 472 2582 site
483 2528 596 2591 nudare.
608 2527 641 2581 ad
656 2527 707 2582 boe
722 2528 845 2596 pertinet,
866 2527 992 2597 quioniam
1015 2528 1209 2597 eoncupiscen-

414 2617 448 2671 tia
462 2618 553 2673 earnis
568 2617 645 2672 latius
657 2632 706 2687 per
724 2618 815 2673 ocurlos
828 2617 953 2689 pascitur.
967 2615 1042 2674 Unde
1063 2617 1100 2673 illi
1120 2619 1209 2687 impu·

411 2704 465 2763 dici
482 2708 606 2778 pudicam
620 2706 779 2771 Susannam,
793 2718 920 2776 qtratuttm
940 2716 1094 2778 putruerunt,
1108 2707 1209 2765 nudare

413 2797 556 2852 coluerunt
569 2797 649 2867 (boo.
666 2813 723 2864 xut,
735 2798 792 2866 δι).
812 2797 905 2852 Potest
921 2811 987 2867 ergo
1007 2796 1077 2852 bene
1098 2796 1207 2869 intelligi

412 2891 494 2945 etlam
514 2889 596 2954 Deus,
614 2887 735 2957 ejusdem
748 2903 855 2959 qnoque
875 2887 985 2957 pudoris
1007 2886 1209 2945 commendasse

413 2996 516 3045 curram,
536 2977 643 3050 tpttarrdo
664 2978 726 3033 illos
746 2977 791 3048 qni
804 2978 856 3032 sibi
879 2976 1054 3033 succinctoria
1078 2975 1207 3045 locemnt,

411 3070 503 3128 desua
512 3070 631 3125 nuditate
641 3066 755 3133 conlusi,
767 3069 846 3124 ctiam
863 3067 958 3124 tunicis
971 3066 1073 3134 induit;
1086 3077 1207 3138 propter·

413 3177 448 3218 ea
461 3161 567 3233 qrridcm
580 3160 698 3230 pelliceis
713 3157 787 3234 (Gen.
801 3175 841 3226 nr,
854 3155 912 3232 et),
943 3168 971 3213 ut
991 3158 1207 3229 corruptibilibus

408 3252 468 3323 jaro
482 3250 638 3323 corporibus
652 3266 724 3304 mors
735 3250 886 3320 signaretur
900 3249 1036 3318 adjuncta.
1050 3248 1078 3303 ln
1101 3244 1207 3319 publico

412 3356 502 3399 atatem
524 3343 595 3399 vesci
610 3357 668 3397 mos
681 3340 816 3411 probibet,
837 3349 1020 3411 quoscumque
1034 3339 1167 3410 probibet,
1180 3349 1208 3396 et

411 3435 503 3489 iacere
513 3441 606 3489 canna
617 3447 719 3489 morem
728 3431 824 3488 merito
834 3430 927 3501 pudet.
939 3429 1006 3485 Nam
1018 3430 1133 3486 llomani
1156 3446 1206 3486 au-

411 3525 491 3596 tiqni,
504 3523 575 3595 quod
589 3524 667 3579 etlam
678 3524 735 3594 ipse
743 3522 840 3595 legisti,
855 3522 882 3577 iu
894 3522 1032 3593 propatulo
1044 3521 1207 3580 occultabant

409 3630 494 3686 atrine
509 3617 701 3688 pransitabant.
717 3615 786 3686 Quid
798 3624 840 3673 cst
850 3630 915 3687 ergo
929 3613 1009 3686 qtrod,
1032 3629 1084 3670 non
1104 3615 1207 3671 ratioci-

411 3709 518 3776 nando,
540 3709 588 3765 sed
613 3707 786 3764 conviciando
805 3707 929 3778 spatiaris
950 3706 976 3760 iu
1006 3705 1136 3761 vacarum?
1159 3706 1206 3763 lle·

409 3801 488 3870 spice
502 3800 560 3855 illos
575 3799 820 3870 primosparentes,
842 3796 886 3868 quui
910 3794 972 3850 trudi
990 3803 1077 3862 eraut,
1101 3806 1128 3851 ct
1152 3811 1204 3851 ιιοιι

408 3890 644 3949 eortlnudebantur
658 3908 666 3945 ε
680 3888 787 3945 attende
807 3888 870 3961 quid
889 3889 1014 3954 texerint,
1036 3898 1063 3943 ot
1077 3889 1205 3944 eoulltero

407 3985 476 4057 qnid
498 3985 640 4040 scrrscrint.
661 3983 682 4038 Α
701 3981 885 4038 succinctoriis
913 3981 947 4036 ad
968 3980 1071 4037 tunicas
1096 3989 1203 4036 uentum

407 4082 471 4132 ost:
484 4076 545 4131 indo
564 4076 655 4146 copul,
671 4083 697 4130 et
710 4071 913 4129 creuitlrnmani
933 4072 1054 4141 corporis
1077 4071 1203 4142 tegimen,

406 4169 457 4225 abl
472 4168 594 4224 lrnrnonis
613 4165 739 4222 membris
761 4163 942 4234 pudendorum
961 4170 1003 4218 est
1022 4162 1133 4217 inditum
1153 4176 1204 4216 no·

407 4275 485 4314 ιιιιιι.
499 4259 536 4313 lbi
547 4256 655 4330 pudoris
670 4256 755 4325 nrajor
768 4264 809 4310 cst
820 4269 894 4321 eura,
907 4253 951 4310 nbi
965 4253 1065 4307 resistit
1076 4251 1204 4322 eoncupi-

364 4345 371 4358 ’
406 4351 520 4409 metilia*
534 4351 667 4421 pudicitia.
691 4347 776 4405 Pudet
795 4347 867 4402 enlm
890 4354 1014 4402 naturam
1046 4345 1203 4410 rationalem

406 4443 510 4515 aliquid
527 4443 623 4498 babere
638 4441 665 4496 in
678 4455 759 4496 earne
773 4454 831 4506 sua,
844 4437 887 4493 nbi
903 4437 925 4492 si
941 4453 992 4492 uon
1015 4436 1072 4492 vult
1084 4451 1132 4506 per
1152 4435 1204 4490 im-

407 4536 563 4607 pudicitiam
573 4532 753 4598 dclmnestari‚
763 4545 873 4587 necesse
885 4529 921 4585 sit
929 4528 1062 4596 reluctari,
1074 4539 1127 4582 tam
1136 4542 1202 4585 eon-

403 4627 507 4700 jugatis
519 4643 553 4682 ιιι
565 4625 669 4692 illicito,
686 4639 765 4694 quam
778 4619 975 4677 continentibus
990 4634 1022 4674 ne
1038 4619 1092 4674 nllo
1104 4634 1204 4675 coneu-

406 4720 468 4774 bitn
482 4717 661 4773 sordidentur.
677 4715 739 4772 llaec
753 4713 886 4769 discordia
900 4713 988 4767 carrus
1005 4722 1033 4766 et
1052 4711 1161 4782 spiritus
1176 4711 1202 4766 in

406 4808 544 4878 paradiso,
560 4809 582 4864 si
594 4824 672 4863 rrcmo
687 4813 835 4878 peccasset,
853 4804 923 4859 absit
940 4812 968 4856 nt
985 4817 1047 4859 esse
1067 4803 1202 4873 potuerit:

405 4914 465 4956 ιιοιι
476 4910 564 4956 autent
581 4915 629 4954 uos
642 4914 675 4954 ex
685 4899 778 4953 aliena·
794 4905 895 4958 natura
905 4894 1095 4951 commixtione
1109 4909 1203 4964 posse·

404 4990 450 5046 dit
464 5007 470 5043 :
483 4989 551 5045 unde
562 5005 625 5058 crgo
638 4987 671 5043 ad
685 5003 744 5054 nos,
759 4987 856 5042 nisiex
875 4985 953 5055 primi
971 4984 1086 5040 bominis
1098 5000 1202 5056 praera-

405 5081 538 5137 ricatione
552 5078 707 5136 descendit?

445 5171 589 5228 ttlltttttt.
617 5171 678 5227 lou.
705 5171 758 5225 llos
782 5170 877 5242 ineptae
903 5175 982 5234 sunt,
1006 5176 1034 5224 ot
1058 5182 1116 5238 qna
1141 5166 1203 5222 stilo

405 5272 502 5318 nostro
516 5262 664 5318 contricinro
677 5260 760 5331 rrtagis
772 5258 870 5314 iaciant
894 5275 973 5327 onam
998 5257 1117 5314 laborem
1132 5275 1138 5311 :
1155 5257 1201 5313 sed

405 5353 490 5410 iidem
504 5363 575 5409 tuam
589 5355 599 5386 ¹
616 5352 767 5408 rtecessario
790 5355 997 5419 ecrnseqnuutnr.
1011 5347 1201 5405 l'crumtamcn

403 5444 506 5509 adbuc,
528 5453 559 5499 ut
578 5443 614 5498 sit
632 5444 749 5499 intentus
769 5442 863 5503 lector,
876 5438 1017 5494 admoneo.
1042 5439 1159 5494 linuatus
1172 5454 1202 5496 es

403 5552 506 5607 nempe
515 5551 646 5601 asserere,
661 5534 731 5607 qnod
746 5533 793 5590 bei
815 5546 882 5603 opus
904 5531 1030 5602 probetur
1050 5530 1200 5602 pudendum

405 5646 463 5686 non
477 5642 550 5692 essm
566 5627 613 5683 sed
628 5635 657 5681 ut
671 5627 722 5680 lroe
736 5623 843 5680 eldcere
864 5621 1015 5693 rreqninisti,
1033 5621 1067 5675 ila
1082 5636 1201 5693 spopon-

402 5717 545 5775 distiillud
559 5715 765 5777 absolutissime.
790 5712 898 5769 demere
910 5720 937 5767 te
961 5727 976 5766 a
999 5710 1107 5766 libidine
1126 5726 1201 5768 vere-

401 5803 543 5869 cundiam,
566 5805 588 5860 si
603 5819 669 5875 opus
684 5803 731 5859 Dei
743 5817 805 5858 esso
825 5799 966 5865 docentum
982 5800 1054 5872 qttod
1074 5802 1099 5856 in
1116 5803 1201 5871 primo

403 5911 490 5968 cpere
503 5897 537 5950 ita
552 5894 706 5966 approbari,
723 5901 752 5948 ut
764 5909 815 5949 uec
836 5902 860 5948 te
873 5892 936 5948 lude
951 5904 1040 5962 putem
1063 5892 1199 5950 dubitatu-

440 6031 450 6064 ι
466 6030 504 6079 sle
514 6038 567 6079 itm.
580 6036 606 6079 ut
616 6029 695 6091 vigo„
707 6024 863 6091 perficiendo.

439 6092 450 6124 ¹
462 6091 531 6153 edio,
541 6091 613 6143 ιιιιιιιι
620 6102 629 6154 ,·
653 6102 704 6152 ιιιο,
716 6095 790 6139 tarum.
807 6086 967 6137 emendantur
979 6097 1011 6135 ex
1022 6093 1076 6138 lise.

1094 678 1195 733 llbett
1215 681 1385 746 utatt'tt's

1994 684 2062 748 tarr

1271 809 1329 848 rum
1344 807 1414 857 esse,
1428 809 1489 850 cnm
1503 796 1616 867 legeris:
1631 797 1850 868 tamennoootom
1866 799 1915 853 lunc
1925 812 2061 854 commou-

1269 891 1323 938 turn
1340 894 1413 940 tuum
1428 886 1569 956 signifieat,
1584 887 1697 943 necdum
1711 889 1744 942 ad
1760 903 1854 943 marrus
1867 897 1926 944 tuas
1938 889 1998 946 illos
2014 907 2060 946 re·

1269 973 1340 1029 nisse
1355 975 1445 1037 libros,
1469 975 1495 1030 id
1517 977 1602 1045 ipsum
1618 977 1644 1031 in
1659 977 1783 1050 praesenti
1797 994 1901 1050 quinque
1919 982 2062 1038 «ostendere

1268 1079 1321 1116 uon
1342 1064 1450 1135 pigebit.
1473 1065 1669 1121 lrratiouabilcs
1685 1068 1765 1139 igitur
1783 1070 1942 1137 animantes,
1966 1087 1980 1122 a
2007 1088 2061 1142 quo

1268 1154 1388 1208 conditas
1400 1167 1487 1225 plotas,
1502 1170 1561 1226 quae
1583 1157 1664 1211 certis
1684 1158 1849 1228 tcnrporibus
1872 1160 2060 1218 ardentissima

1268 1242 1375 1299 libidine
1389 1256 1603 1313 cornruovenlnr,
1627 1245 1663 1301 ita
1688 1255 1717 1301 nt
1737 1247 1817 1302 etiarn
1843 1247 1961 1306 feritates
1983 1264 2060 1308 acutat

1267 1334 1449 1403 siugulamml
1463 1336 1538 1392 Tunc
1559 1352 1646 1393 steros
1665 1353 1740 1409 aper,
1758 1347 1820 1396 lunc
1835 1342 1950 1411 pessima
1973 1346 2057 1415 tigris.

1267 1425 1441 1481 Anteomnes
1465 1425 1540 1481 soror
1561 1436 1604 1482 est
1625 1427 1736 1498 insignis
1762 1445 1890 1500 emtarum
1910 1431 2059 1506 (l'irpilins,

1267 1514 1359 1589 Georp.
1374 1517 1417 1572 tlt.
1433 1519 1460 1583 5,
1487 1536 1550 1573 nors.
1574 1520 1637 1585 ets,
1652 1521 1729 1593 ιιι).
1747 1522 1935 1581 teotonem
1958 1525 2058 1584 luerlra.

1266 1605 1335 1662 Vere
1347 1606 1509 1665 abundantia
1525 1611 1607 1665 terreri
1620 1612 1741 1667 bumoris
1755 1615 1894 1670 exuberat.
1910 1615 1943 1672 Et
1957 1617 2057 1674 coitum

1265 1698 1345 1753 certis
1357 1710 1480 1768 repetunt
1490 1711 1609 1757 armenta
1618 1701 1713 1758 diebus
1722 1701 1813 1775 (ibid,
1823 1704 1866 1760 tlt.
1879 1705 1908 1774 2,
1920 1723 1983 1763 oen.
1995 1710 2057 1773 ὅθι,

1265 1789 1328 1857 sot,
1342 1789 1415 1862 529).
1431 1791 1551 1863 longum
1575 1803 1616 1849 est
1636 1793 1674 1849 ire
1690 1811 1740 1866 per
1757 1795 1860 1869 singula
1874 1814 1882 1854 t
1898 1802 1986 1857 omnia
2013 1817 2059 1874 ge·

1269 1896 1344 1949 uera,
1358 1899 1417 1954 quta
1439 1884 1578 1956 suspendit
1590 1885 1704 1955 volatus,
1718 1904 1777 1959 quire
1800 1891 1928 1947 demersit
1941 1904 2058 1956 natatus.

1263 1986 1323 2042 qna
1337 1973 1435 2042 sparsit
1448 1987 1569 2046 rogatus,
1582 1990 1632 2046 per
1643 1992 1717 2043 aera,
1731 1977 1861 2048 perireta,
1876 1995 1924 2050 per
1937 1996 2057 2047 nemora,

1263 2079 1314 2120 uec
1328 2072 1415 2122 tatrren
1428 2078 1474 2122 aut
1486 2068 1637 2125 sublimauit
1650 2072 1728 2138 ratio,
1758 2080 1803 2124 ant
1822 2073 1899 2143 culpa
1912 2073 2056 2144 depressit,

1263 2166 1325 2212 nota
1340 2160 1600 2216 commiscendorum
1616 2177 1759 2233 corporum
1773 2162 1908 2235 voluptate
1918 2164 2057 2223 datnrrrau·

1264 2257 1315 2301 tur.
1330 2247 1407 2303 lllnm
1431 2263 1495 2321 ergo
1517 2265 1629 2306 scutrum
1657 2267 1736 2322 rpncm
1763 2254 1899 2322 patirrutnr
1920 2254 2061 2324 ardorem,¹

1263 2337 1310 2393 liei
1320 2351 1354 2393 an
1365 2338 1463 2393 diaboli
1476 2354 1560 2410 opere
1574 2341 1767 2411 susceperuut?
1781 2332 1922 2399 Clanrabls‘
1935 2346 1994 2401 sine
2007 2347 2057 2402 dn·

1263 2425 1317 2494 bio,
1333 2427 1390 2482 Dei.
1406 2429 1476 2482 Deus
1502 2444 1565 2499 ergo
1579 2444 1672 2486 sexum
1693 2432 1808 2486 naturali
1835 2432 1973 2505 voluptate
1995 2448 2057 2492 sue

1263 2518 1367 2587 cendit;
1394 2519 1464 2591 quod
1487 2529 1560 2577 certe
1584 2523 1791 2594 consequentius
1812 2540 1891 2596 quam
1911 2534 1948 2594 tu,
1973 2528 2057 2585 lieni·

1262 2609 1353 2666 chaus
1364 2618 1452 2680 negat.
1463 2609 1511 2666 llle
1524 2611 1607 2679 enim,
1623 2627 1639 2667 a
1652 2629 1706 2684 quio
1715 2616 1956 2684 concupiscentiam
1967 2618 2057 2675 corruis

1262 2700 1389 2757 damnare
1402 2701 1528 2770 didicisti,
1544 2702 1607 2773 quid
1622 2703 1672 2760 sibi
1693 2704 1835 2761 dicendum
1863 2717 1936 2763 esset
1953 2724 2056 2780 expcn-

1261 2791 1339 2860 deus,
1355 2809 1411 2848 rem
1422 2809 1501 2865 quam
1513 2789 1670 2850 diabolicam
1684 2794 1851 2864 definiverat,
1875 2807 1956 2868 atque
1971 2813 1986 2853 a
2008 2799 2056 2857 oet

1261 2884 1386 2957 operibns
1399 2893 1561 2952 removerat,
1576 2900 1789 2962 quraqnaversum
1804 2900 1863 2942 eam
1878 2890 1963 2959 putuit
1976 2890 2055 2948 inre·

1260 2977 1319 3033 nire
1331 2977 1499 3049 persequitur
1515 2987 1558 3033 :et
1569 2976 1629 3034 ideo
1643 2984 1670 3033 ut
1679 2994 1728 3052 per
1738 2979 1983 3050 concupiscentiam
1991 2994 2055 3038 eor·
2138 3016 2143 3030 ι

1261 3068 1484 3139 porabominum‚
1509 3070 1545 3125 ita
1562 3086 1609 3140 per
1631 3071 1764 3140 homines,
1789 3086 1883 3129 omnes
1904 3073 2055 3133 animantes

1260 3160 1512 3232 diabolodepntavit
1525 3162 1637 3218 auctori.
1660 3161 1701 3218 ’l'n
1722 3172 1899 3231 autemeam
1916 3166 1943 3222 lu
1971 3166 2056 3226 lieni·

1260 3251 1326 3309 clraci
1340 3254 1435 3309 castris
1457 3252 1718 3331 baeteunsmauens,
1734 3257 1880 3312 maximum
1902 3258 1962 3330 ejas
1981 3259 2055 3317 seras

1260 3343 1420 3413 draconem,
1432 3345 1528 3414 deuito
1543 3345 1694 3403 infelicibus
1708 3349 1842 3405 mentibus
1863 3363 1912 3420 per
1933 3353 2054 3409 naturale

1260 3432 1358 3488 malum
1373 3442 1401 3488 ct
1414 3435 1525 3489 crimina
1545 3436 1697 3506 nuptiarum
1711 3435 1809 3492 lethale
1834 3430 1949 3509 inspiras
1969 3456 2053 3499 rene·

1260 3541 1335 3591 num;
1354 3541 1406 3580 nou
1422 3526 1461 3581 ris
1482 3536 1570 3581 tarrrcn
1597 3527 1623 3582 in
1638 3542 1732 3583 omues
1755 3538 1865 3585 naturas
1890 3540 2012 3603 suggesta
2037 3550 2053 3590 a

1260 3619 1388 3688 magistro
1402 3617 1453 3672 tela
1466 3617 1578 3688 joerrlori
1594 3638 1601 3674 :
1615 3628 1642 3675 et
1663 3618 1747 3675 brutis
1768 3620 1926 3678 lamlllarior
1945 3623 2054 3699 (quibos

1260 3717 1348 3766 tamen
1361 3709 1396 3765 ob
1407 3709 1459 3764 hoe
1467 3710 1563 3780 parcis,
1574 3718 1603 3766 ut
1616 3710 1810 3768 mlionabilium
1824 3720 1922 3770 statum
1933 3725 2054 3773 auctora·

1260 3803 1312 3857 lius
1324 3801 1644 3872 crimineris),eonseutis
1652 3803 1677 3857 in
1688 3802 1795 3858 illorum
1803 3804 1959 3876 corporibus
1969 3806 2052 3866 licum

1259 3893 1371 3960 secisse,
1388 3893 1458 3964 (ιιοιι
1475 3893 1501 3948 in
1523 3894 1623 3950 nostris
1643 3894 1652 3925 ¹
1670 3880 1896 3951 diabolumreum
1918 3905 2007 3955 ιιιιιιιι
2026 3901 2051 3958 id

1259 3987 1356 4057 ipsum,
1365 3986 1412 4042 scd
1422 3986 1542 4042 mltinsiu
1555 3987 1798 4060 luomlnibus,quam
1809 3991 1835 4044 in
1844 3992 2053 4061 pecoribusesse

1258 4075 1368 4131 fateare.
1382 4075 1416 4133 Ut
1427 4090 1492 4148 ergo
1501 4076 1563 4146 quid
1572 4077 1608 4132 sit
1617 4076 1751 4145 effectum,
1762 4079 1880 4151 prudeus
1888 4081 1971 4138 lector
1981 4084 2053 4139 acci·

1258 4166 1322 4237 piat,
1337 4164 1472 4221 libidinem
1484 4181 1625 4237 corporum
1642 4167 1668 4222 iu
1687 4169 1846 4224 animalibus
1857 4170 1981 4228 lectam
1996 4174 2052 4231 lieo

1258 4273 1310 4312 ιιοιι
1321 4271 1413 4327 negas.
1427 4254 1485 4311 lion
1494 4264 1608 4327 estergo
1617 4257 1662 4312 bei
1672 4259 1796 4327 operibus
1807 4259 1914 4331 indigna
1925 4263 1969 4318 illa
1981 4263 2049 4320 alle·

1257 4347 1323 4412 etio,
1335 4344 1475 4418 quaelubis
1486 4345 1641 4402 substantiis
1653 4347 1741 4402 aerior
1754 4347 1898 4418 iuvenitur,
1912 4367 1973 4424 qua
1985 4354 2051 4410 nillil

1257 4436 1292 4494 de
1303 4436 1401 4493 diaboli
1416 4436 1497 4503 malo,
1518 4436 1558 4492 vel
1572 4435 1642 4491 tenui
1656 4436 1792 4493 uoluntate
1805 4451 1960 4509 rapuerunt.
1977 4441 2048 4516 Ergo

1257 4531 1318 4602 qnia
1341 4529 1555 4598 concupiscentia
1570 4528 1679 4585 dolense
1692 4538 1733 4585 est
1744 4530 1868 4601 exemplo
1882 4532 2048 4601 animalium,

1257 4620 1455 4677 dolensaetiam
1470 4620 1596 4692 dignitato
1621 4621 1738 4677 auctoris
1752 4621 1804 4688 sui,
1829 4637 1879 4678 nee
1900 4624 1981 4691 orale,
2000 4640 2051 4683 nce

1256 4711 1387 4769 diabolica
1402 4720 1453 4780 est,
1473 4728 1554 4784 quam
1576 4711 1639 4768 leeit
1665 4712 1736 4767 bens
1753 4710 1881 4767 formator
1895 4727 2049 4783 corpomm,

1256 4812 1284 4861 ct
1296 4821 1374 4877 quiam
1388 4813 1460 4862 tenet
1473 4820 1505 4860 ea
1517 4819 1576 4877 qua
1586 4811 1628 4859 cst
1640 4818 1736 4875 expers
1749 4813 1841 4860 tratura
1856 4807 1955 4875 peccati
1971 4823 2049 4865 :eum

1257 4895 1309 4953 boe
1339 4912 1404 4968 ergo
1428 4896 1534 4962 claruit,
1559 4895 1664 4966 inquiro
1686 4905 1775 4951 utrum
1801 4897 1879 4952 istam
1901 4898 2049 4968 libidinem,

1255 5006 1336 5063 quam
1360 5005 1472 5060 corpora
1492 4990 1608 5045 humana
1648 4992 1822 5061 persentiunt,
1846 4993 1929 5054 neum
1953 4996 2050 5056 secisse

1256 5081 1425 5139 consentias?
1443 5082 1472 5137 Si
1484 5083 1626 5150 anrrneris,
1649 5085 1754 5140 sublata
1779 5088 1917 5143 contentio
1938 5099 1989 5156 est,
2018 5101 2047 5148 tn

1256 5171 1423 5238 emendatus,
1439 5182 1467 5228 et
1479 5171 1641 5230 llaniclncns
1654 5177 1820 5244 permanebit
1830 5180 1947 5237 attritus.
1961 5181 1989 5238 Si
1999 5199 2043 5241 atr

1257 5273 1310 5320 tem
1319 5263 1429 5329 dixeris,
1444 5265 1471 5319 ln
1484 5266 1642 5335 corporibus
1655 5266 1792 5323 hominum
1806 5284 1820 5322 a
1832 5269 1886 5325 [leo
1895 5288 1948 5327 non
1963 5277 2048 5346 potuit

1257 5355 1313 5410 lieri
1331 5372 1338 5410 ι
1353 5355 1452 5422 celero,
1476 5355 1548 5410 illam
1571 5358 1733 5428 uoluptatem
1759 5365 1786 5414 et
1804 5364 2047 5433 eoncrrpiseentiatu

1255 5447 1481 5510 ermislmminis
1495 5456 1533 5515 te,
1548 5465 1601 5504 non
1623 5449 1670 5504 bei
1695 5450 1821 5519 operibus
1842 5454 1978 5529 indignam
2000 5477 2048 5532 pu-

1256 5549 1323 5595 tare.
1348 5538 1453 5610 Anubigi
1471 5538 1568 5610 quippe
1596 5553 1649 5594 nou
1670 5550 1767 5609 potest,
1783 5544 1909 5617 quoniam
1934 5547 2045 5622 siquod

1255 5631 1417 5689 consulerisa
1437 5633 1490 5686 lieo
1505 5630 1664 5703 ubicumque
1684 5630 1792 5699 lactum,
1807 5635 1859 5693 lroe
1871 5637 1945 5692 dicas
1959 5639 1985 5694 lu
2000 5640 2047 5696 bo·

1255 5725 1360 5781 mines¹
1374 5723 1430 5779 lleri
1448 5724 1606 5792 ncotriuisse,
1622 5739 1673 5778 nou
1693 5727 1914 5798 coucupiscentia·
1929 5731 2048 5783 testimo-

1255 5818 1300 5873 nio
1313 5817 1402 5872 aulcrs
1415 5815 1514 5894 delita,
1527 5816 1572 5872 sed
1584 5815 1700 5873 lrunrauo
1709 5821 1813 5890 corpori
1824 5821 1959 5890 conquiris
1971 5821 2046 5879 inde-

1287 5970 1297 6002 ι
1314 5967 1390 6028 oliti,
1401 5965 1491 6039 malitis,
1508 5965 1666 6028 tommentis
1680 5982 1689 6020 :
1701 5977 1726 6020 et
1737 5971 1761 6020 lo
1771 5976 1894 6033 seuuemo
1904 5982 1987 6036 reso,
2001 5967 2046 6024 ml·

1255 6044 1314 6088 mo,
1328 6044 1378 6092 pro,
1389 6037 1478 6080 rtrttrus.
1491 6031 1651 6082 timertdantur
1663 6044 1694 6081 ex
1707 6033 1883 6095 manuscriptis.

1289 6094 1298 6124 ¹
1315 6099 1393 6147 torte.
1405 6090 1430 6141 in
1441 6089 1543 6142 luentirte.
