<?xml version="1.0" encoding="UTF-8"?>
<!DOCTYPE html PUBLIC "-//W3C//DTD XHTML 1.0 Transitional//EN"
    "http://www.w3.org/TR/xhtml1/DTD/xhtml1-transitional.dtd">
<html xmlns="http://www.w3.org/1999/xhtml" xml:lang="en" lang="en">
 <head>
  <title>
</title>
<meta http-equiv="Content-Type" content="text/html;charset=utf-8" />
  <meta name='ocr-system' content='tesseract 3.04.00' />
  <meta name='ocr-capabilities' content='ocr_page ocr_carea ocr_par ocr_line ocrx_word'/>
</head>
<body>
  <div class='ocr_page' id='page_1' title='image "./patrologiaecurs58unkngoog/patrologiaecurs58unkngoog_0021.png"; bbox 0 0 4900 6892; ppageno 0'>
   <div class='ocr_carea' id='block_1_1' title="bbox 384 611 452 669">
    <p class='ocr_par' dir='ltr' id='par_1_1' title="bbox 384 611 452 669">
     <span class='ocr_line' id='line_1_1' title="bbox 384 611 452 669; baseline 0 0"><span class='ocrx_word' id='word_1_1' title='bbox 384 611 452 669; x_wconf 83' lang='lat' dir='ltr'><strong>lttt&#39;l</strong></span> 
     </span>
    </p>
   </div>
   <div class='ocr_carea' id='block_1_2' title="bbox 319 717 1176 5528">
    <p class='ocr_par' dir='ltr' id='par_1_2' title="bbox 324 717 1176 2335">
     <span class='ocr_line' id='line_1_2' title="bbox 382 717 1176 792; baseline -0.009 -13"><span class='ocrx_word' id='word_1_2' title='bbox 382 737 435 791; x_wconf 79' lang='lat' dir='ltr'><strong>tur,</strong></span> <span class='ocrx_word' id='word_1_3' title='bbox 447 734 500 781; x_wconf 78' lang='lat' dir='ltr'><strong>eta</strong></span> <span class='ocrx_word' id='word_1_4' title='bbox 513 722 606 778; x_wconf 83' lang='lat' dir='ltr'><strong>labore</strong></span> <span class='ocrx_word' id='word_1_5' title='bbox 622 720 751 792; x_wconf 79' lang='lat' dir='ltr'><strong>proclives</strong></span> <span class='ocrx_word' id='word_1_6' title='bbox 764 719 797 774; x_wconf 87' lang='lat' dir='ltr'><strong>ad</strong></span> <span class='ocrx_word' id='word_1_7' title='bbox 818 719 952 776; x_wconf 88' lang='lat' dir='ltr'><strong>ltbidinem</strong></span> <span class='ocrx_word' id='word_1_8' title='bbox 974 729 1033 788; x_wconf 75' lang='lat' dir='ltr'><strong>ptest</strong></span> <span class='ocrx_word' id='word_1_9' title='bbox 1051 717 1176 786; x_wconf 82' lang='lat' dir='ltr'><strong>coticupi·</strong></span> 
     </span>
     <span class='ocr_line' id='line_1_3' title="bbox 382 810 1175 882; baseline -0.01 -10"><span class='ocrx_word' id='word_1_10' title='bbox 382 819 500 880; x_wconf 87' lang='lat' dir='ltr'><strong>scentius</strong></span> <span class='ocrx_word' id='word_1_11' title='bbox 512 831 575 871; x_wconf 87' lang='lat' dir='ltr'><strong>suas</strong></span> <span class='ocrx_word' id='word_1_12' title='bbox 588 825 663 877; x_wconf 83' lang='lat' dir='ltr'><strong>eant,</strong></span> <span class='ocrx_word' id='word_1_13' title='bbox 682 822 820 881; x_wconf 88' lang='lat' dir='ltr'><strong>propterca</strong></span> <span class='ocrx_word' id='word_1_14' title='bbox 835 811 867 866; x_wconf 91' lang='lat' dir='ltr'><strong>de</strong></span> <span class='ocrx_word' id='word_1_15' title='bbox 886 812 1052 882; x_wconf 70' lang='lat' dir='ltr'><strong>praescientia</strong></span> <span class='ocrx_word' id='word_1_16' title='bbox 1067 811 1113 866; x_wconf 83' lang='lat' dir='ltr'><strong>Dei</strong></span> <span class='ocrx_word' id='word_1_17' title='bbox 1127 810 1175 864; x_wconf 87' lang='lat' dir='ltr'><strong>lal-</strong></span> 
     </span>
     <span class='ocr_line' id='line_1_4' title="bbox 380 900 1175 978; baseline -0.009 -15"><span class='ocrx_word' id='word_1_18' title='bbox 380 926 441 964; x_wconf 87' lang='lat' dir='ltr'><strong>snm</strong></span> <span class='ocrx_word' id='word_1_19' title='bbox 460 906 606 978; x_wconf 80' lang='lat' dir='ltr'><strong>putandum</strong></span> <span class='ocrx_word' id='word_1_20' title='bbox 627 915 668 959; x_wconf 81' lang='lat' dir='ltr'><strong>est</strong></span> <span class='ocrx_word' id='word_1_21' title='bbox 685 919 755 969; x_wconf 89' lang='lat' dir='ltr'><strong>esse,</strong></span> <span class='ocrx_word' id='word_1_22' title='bbox 768 903 838 974; x_wconf 92' lang='lat' dir='ltr'><strong>quod</strong></span> <span class='ocrx_word' id='word_1_23' title='bbox 854 903 955 959; x_wconf 87' lang='lat' dir='ltr'><strong>dietum</strong></span> <span class='ocrx_word' id='word_1_24' title='bbox 973 903 1032 958; x_wconf 82' lang='lat' dir='ltr'><strong>est?</strong></span> <span class='ocrx_word' id='word_1_25' title='bbox 1046 902 1138 957; x_wconf 81' lang='lat' dir='ltr'>Nonne</span> <span class='ocrx_word' id='word_1_26' title='bbox 1152 900 1175 956; x_wconf 88' lang='lat' dir='ltr'><strong>si</strong></span> 
     </span>
     <span class='ocr_line' id='line_1_5' title="bbox 383 993 1175 1063; baseline -0.011 -9"><span class='ocrx_word' id='word_1_27' title='bbox 383 1002 454 1055; x_wconf 83' lang='lat' dir='ltr'><strong>bens</strong></span> <span class='ocrx_word' id='word_1_28' title='bbox 468 999 527 1053; x_wconf 92' lang='lat' dir='ltr'><strong>illos</strong></span> <span class='ocrx_word' id='word_1_29' title='bbox 537 998 620 1052; x_wconf 88' lang='lat' dir='ltr'><strong>bonos</strong></span> <span class='ocrx_word' id='word_1_30' title='bbox 633 995 736 1050; x_wconf 80' lang='lat' dir='ltr'><strong>siiturus</strong></span> <span class='ocrx_word' id='word_1_31' title='bbox 750 1010 809 1050; x_wconf 83' lang='lat' dir='ltr'><strong>csse</strong></span> <span class='ocrx_word' id='word_1_32' title='bbox 822 994 966 1063; x_wconf 74' lang='lat' dir='ltr'><strong>prosunt,</strong></span> <span class='ocrx_word' id='word_1_33' title='bbox 976 993 1038 1048; x_wconf 82' lang='lat' dir='ltr'><strong>boni</strong></span> <span class='ocrx_word' id='word_1_34' title='bbox 1048 1001 1136 1054; x_wconf 88' lang='lat' dir='ltr'><strong>erunt,</strong></span> <span class='ocrx_word' id='word_1_35' title='bbox 1148 993 1175 1045; x_wconf 87' lang='lat' dir='ltr'><strong>io</strong></span> 
     </span>
     <span class='ocr_line' id='line_1_6' title="bbox 380 1087 1175 1160; baseline -0.009 -16"><span class='ocrx_word' id='word_1_36' title='bbox 380 1091 546 1160; x_wconf 83' lang='lat' dir='ltr'><strong>quantalibet</strong></span> <span class='ocrx_word' id='word_1_37' title='bbox 561 1105 629 1143; x_wconf 90' lang='lat' dir='ltr'><strong>nunc</strong></span> <span class='ocrx_word' id='word_1_38' title='bbox 640 1089 802 1158; x_wconf 73' lang='lat' dir='ltr'><strong>malignitate</strong></span> <span class='ocrx_word' id='word_1_39' title='bbox 816 1094 971 1149; x_wconf 88' lang='lat' dir='ltr'><strong>t·et·serttur;</strong></span> <span class='ocrx_word' id='word_1_40' title='bbox 986 1087 1008 1139; x_wconf 88' lang='lat' dir='ltr'><strong>si</strong></span> <span class='ocrx_word' id='word_1_41' title='bbox 1021 1098 1107 1140; x_wconf 84' lang='lat' dir='ltr'><strong>antem</strong></span> <span class='ocrx_word' id='word_1_42' title='bbox 1119 1098 1175 1137; x_wconf 89' lang='lat' dir='ltr'><strong>ma-</strong></span> 
     </span>
     <span class='ocr_line' id='line_1_7' title="bbox 382 1178 1175 1248; baseline -0.006 -13"><span class='ocrx_word' id='word_1_43' title='bbox 382 1185 435 1247; x_wconf 89' lang='lat' dir='ltr'><strong>los,</strong></span> <span class='ocrx_word' id='word_1_44' title='bbox 451 1181 513 1236; x_wconf 89' lang='lat' dir='ltr'><strong>mali</strong></span> <span class='ocrx_word' id='word_1_45' title='bbox 527 1190 614 1243; x_wconf 90' lang='lat' dir='ltr'><strong>erunt,</strong></span> <span class='ocrx_word' id='word_1_46' title='bbox 627 1181 654 1234; x_wconf 94' lang='lat' dir='ltr'><strong>iu</strong></span> <span class='ocrx_word' id='word_1_47' title='bbox 668 1178 831 1248; x_wconf 82' lang='lat' dir='ltr'><strong>qnanbtlibet</strong></span> <span class='ocrx_word' id='word_1_48' title='bbox 845 1192 915 1232; x_wconf 90' lang='lat' dir='ltr'><strong>nunc</strong></span> <span class='ocrx_word' id='word_1_49' title='bbox 927 1179 1045 1234; x_wconf 86' lang='lat' dir='ltr'><strong>bonitate</strong></span> <span class='ocrx_word' id='word_1_50' title='bbox 1062 1192 1175 1230; x_wconf 84' lang='lat' dir='ltr'><strong>cornuu-</strong></span> 
     </span>
     <span class='ocr_line' id='line_1_8' title="bbox 380 1267 1175 1340; baseline -0.009 -13"><span class='ocrx_word' id='word_1_51' title='bbox 380 1277 445 1329; x_wconf 82' lang='lat' dir='ltr'><strong>tnr?</strong></span> <span class='ocrx_word' id='word_1_52' title='bbox 460 1272 636 1340; x_wconf 79' lang='lat' dir='ltr'><strong>i&#39;nitquidam</strong></span> <span class='ocrx_word' id='word_1_53' title='bbox 662 1271 688 1324; x_wconf 95' lang='lat' dir='ltr'><strong>in</strong></span> <span class='ocrx_word' id='word_1_54' title='bbox 712 1280 802 1325; x_wconf 90' lang='lat' dir='ltr'><strong>nostro</strong></span> <span class='ocrx_word' id='word_1_55' title='bbox 827 1270 998 1332; x_wconf 86' lang='lat' dir='ltr'><strong>monasterio,</strong></span> <span class='ocrx_word' id='word_1_56' title='bbox 1023 1270 1067 1337; x_wconf 93' lang='lat' dir='ltr'><strong>qui</strong></span> <span class='ocrx_word' id='word_1_57' title='bbox 1091 1267 1175 1321; x_wconf 86' lang='lat' dir='ltr'><strong>corri-</strong></span> 
     </span>
     <span class='ocr_line' id='line_1_9' title="bbox 382 1357 1172 1433; baseline -0.006 -18"><span class='ocrx_word' id='word_1_58' title='bbox 382 1365 517 1433; x_wconf 87' lang='lat' dir='ltr'><strong>pientibus</strong></span> <span class='ocrx_word' id='word_1_59' title='bbox 531 1361 655 1416; x_wconf 81' lang='lat' dir='ltr'><strong>iratribus</strong></span> <span class='ocrx_word' id='word_1_60' title='bbox 669 1375 717 1414; x_wconf 89' lang='lat' dir='ltr'><strong>cur</strong></span> <span class='ocrx_word' id='word_1_61' title='bbox 729 1358 849 1429; x_wconf 74' lang='lat' dir='ltr'><strong>qondam</strong></span> <span class='ocrx_word' id='word_1_62' title='bbox 866 1374 918 1412; x_wconf 90' lang='lat' dir='ltr'><strong>noo</strong></span> <span class='ocrx_word' id='word_1_63' title='bbox 934 1358 1051 1412; x_wconf 77' lang='lat' dir='ltr'><strong>iacienda</strong></span> <span class='ocrx_word' id='word_1_64' title='bbox 1063 1357 1172 1424; x_wconf 85' lang='lat' dir='ltr'><strong>laceret,</strong></span> 
     </span>
     <span class='ocr_line' id='line_1_10' title="bbox 324 1448 1174 1517; baseline -0.007 -9"><span class='ocrx_word' id='word_1_65' title='bbox 324 1467 331 1474; x_wconf 90' lang='lat'><strong>·</strong></span> <span class='ocrx_word' id='word_1_66' title='bbox 380 1467 409 1508; x_wconf 87' lang='lat' dir='ltr'><strong>ct</strong></span> <span class='ocrx_word' id='word_1_67' title='bbox 422 1453 542 1507; x_wconf 82' lang='lat' dir='ltr'><strong>socienda</strong></span> <span class='ocrx_word' id='word_1_68' title='bbox 555 1467 607 1505; x_wconf 88' lang='lat' dir='ltr'><strong>non</strong></span> <span class='ocrx_word' id='word_1_69' title='bbox 622 1450 734 1517; x_wconf 86' lang='lat' dir='ltr'><strong>laceret,</strong></span> <span class='ocrx_word' id='word_1_70' title='bbox 750 1449 927 1516; x_wconf 81' lang='lat' dir='ltr'><strong>respondebat</strong></span> <span class='ocrx_word' id='word_1_71' title='bbox 945 1467 952 1504; x_wconf 80' lang='lat' dir='ltr'><strong>r</strong></span> <span class='ocrx_word' id='word_1_72' title='bbox 968 1448 1174 1516; x_wconf 76' lang='lat' dir='ltr'><strong>Qualiscumque</strong></span> 
     </span>
     <span class='ocr_line' id='line_1_11' title="bbox 379 1538 1174 1610; baseline -0.005 -13"><span class='ocrx_word' id='word_1_73' title='bbox 379 1559 453 1598; x_wconf 90' lang='lat' dir='ltr'><strong>ttttne</strong></span> <span class='ocrx_word' id='word_1_74' title='bbox 473 1543 610 1608; x_wconf 86' lang='lat' dir='ltr'><strong>sim,tnlis</strong></span> <span class='ocrx_word' id='word_1_75' title='bbox 626 1542 791 1610; x_wconf 88' lang='lat' dir='ltr'><strong>cruqualem</strong></span> <span class='ocrx_word' id='word_1_76' title='bbox 809 1555 851 1594; x_wconf 90' lang='lat' dir='ltr'><strong>me</strong></span> <span class='ocrx_word' id='word_1_77' title='bbox 878 1539 950 1594; x_wconf 87' lang='lat' dir='ltr'><strong>Deus</strong></span> <span class='ocrx_word' id='word_1_78' title='bbox 977 1538 1092 1593; x_wconf 80' lang='lat' dir='ltr'><strong>futurum</strong></span> <span class='ocrx_word' id='word_1_79' title='bbox 1114 1554 1174 1593; x_wconf 89' lang='lat' dir='ltr'><strong>esse</strong></span> 
     </span>
     <span class='ocr_line' id='line_1_12' title="bbox 381 1628 1173 1702; baseline -0.004 -16"><span class='ocrx_word' id='word_1_80' title='bbox 381 1632 524 1702; x_wconf 70' lang='lat' dir='ltr'><strong>praescivit.</strong></span> <span class='ocrx_word' id='word_1_81' title='bbox 539 1631 589 1699; x_wconf 83' lang='lat' dir='ltr'><strong>Qui</strong></span> <span class='ocrx_word' id='word_1_82' title='bbox 604 1628 722 1700; x_wconf 85' lang='lat' dir='ltr'><strong>prolecto</strong></span> <span class='ocrx_word' id='word_1_83' title='bbox 732 1640 759 1683; x_wconf 91' lang='lat' dir='ltr'><strong>et</strong></span> <span class='ocrx_word' id='word_1_84' title='bbox 773 1645 865 1684; x_wconf 80' lang='lat' dir='ltr'><strong>rernm</strong></span> <span class='ocrx_word' id='word_1_85' title='bbox 877 1629 991 1692; x_wconf 85' lang='lat' dir='ltr'><strong>dicebat,</strong></span> <span class='ocrx_word' id='word_1_86' title='bbox 1007 1637 1034 1682; x_wconf 89' lang='lat' dir='ltr'><strong>et</strong></span> <span class='ocrx_word' id='word_1_87' title='bbox 1046 1628 1097 1684; x_wconf 84' lang='lat' dir='ltr'><strong>ltee</strong></span> <span class='ocrx_word' id='word_1_88' title='bbox 1109 1645 1173 1683; x_wconf 85' lang='lat' dir='ltr'><strong>reru</strong></span> 
     </span>
     <span class='ocr_line' id='line_1_13' title="bbox 381 1720 1174 1794; baseline 0 -18"><span class='ocrx_word' id='word_1_89' title='bbox 381 1740 435 1777; x_wconf 90' lang='lat' dir='ltr'><strong>non</strong></span> <span class='ocrx_word' id='word_1_90' title='bbox 450 1722 604 1794; x_wconf 85' lang='lat' dir='ltr'><strong>proficiebat</strong></span> <span class='ocrx_word' id='word_1_91' title='bbox 621 1723 647 1775; x_wconf 94' lang='lat' dir='ltr'><strong>in</strong></span> <span class='ocrx_word' id='word_1_92' title='bbox 660 1720 759 1775; x_wconf 89' lang='lat' dir='ltr'><strong>bonum</strong></span> <span class='ocrx_word' id='word_1_93' title='bbox 777 1721 842 1775; x_wconf 85' lang='lat' dir='ltr'><strong>:sed</strong></span> <span class='ocrx_word' id='word_1_94' title='bbox 870 1736 954 1790; x_wconf 85' lang='lat' dir='ltr'><strong>usqne</strong></span> <span class='ocrx_word' id='word_1_95' title='bbox 976 1722 1044 1776; x_wconf 81' lang='lat' dir='ltr'><strong>atleo</strong></span> <span class='ocrx_word' id='word_1_96' title='bbox 1062 1721 1174 1790; x_wconf 75' lang='lat' dir='ltr'><strong>profecit</strong></span> 
     </span>
     <span class='ocr_line' id='line_1_14' title="bbox 382 1811 1174 1878; baseline 0 -11"><span class='ocrx_word' id='word_1_97' title='bbox 382 1816 410 1868; x_wconf 92' lang='lat' dir='ltr'><strong>in</strong></span> <span class='ocrx_word' id='word_1_98' title='bbox 427 1816 537 1878; x_wconf 81' lang='lat' dir='ltr'><strong>nmium,</strong></span> <span class='ocrx_word' id='word_1_99' title='bbox 550 1823 579 1868; x_wconf 89' lang='grc' dir='ltr'><strong>ιιι</strong></span> <span class='ocrx_word' id='word_1_100' title='bbox 591 1813 697 1868; x_wconf 87' lang='lat' dir='ltr'><strong>deserta</strong></span> <span class='ocrx_word' id='word_1_101' title='bbox 707 1812 861 1867; x_wconf 85' lang='lat' dir='ltr'><strong>nrunastcrii</strong></span> <span class='ocrx_word' id='word_1_102' title='bbox 876 1813 1002 1866; x_wconf 83' lang='lat' dir='ltr'><strong>socictate</strong></span> <span class='ocrx_word' id='word_1_103' title='bbox 1012 1811 1087 1867; x_wconf 86' lang='lat' dir='ltr'><strong>lieret</strong></span> <span class='ocrx_word' id='word_1_104' title='bbox 1099 1812 1174 1868; x_wconf 83' lang='lat' dir='ltr'><strong>cunis</strong></span> 
     </span>
     <span class='ocr_line' id='line_1_15' title="bbox 381 1901 1173 1971; baseline -0.004 -12"><span class='ocrx_word' id='word_1_105' title='bbox 381 1920 508 1960; x_wconf 79' lang='lat' dir='ltr'><strong>resersus</strong></span> <span class='ocrx_word' id='word_1_106' title='bbox 520 1903 554 1960; x_wconf 87' lang='lat' dir='ltr'><strong>ad</strong></span> <span class='ocrx_word' id='word_1_107' title='bbox 564 1919 641 1958; x_wconf 90' lang='lat' dir='ltr'><strong>suum</strong></span> <span class='ocrx_word' id='word_1_108' title='bbox 651 1904 778 1958; x_wconf 83' lang='lat' dir='ltr'><strong>ronritnm</strong></span> <span class='ocrx_word' id='word_1_109' title='bbox 792 1922 798 1955; x_wconf 92' lang='lat'>:</span> <span class='ocrx_word' id='word_1_110' title='bbox 810 1914 837 1957; x_wconf 92' lang='lat' dir='ltr'><strong>et</strong></span> <span class='ocrx_word' id='word_1_111' title='bbox 848 1913 935 1957; x_wconf 85' lang='lat' dir='ltr'><strong>tamen</strong></span> <span class='ocrx_word' id='word_1_112' title='bbox 945 1901 1032 1956; x_wconf 89' lang='lat' dir='ltr'><strong>adbuc</strong></span> <span class='ocrx_word' id='word_1_113' title='bbox 1042 1903 1126 1971; x_wconf 83' lang='lat' dir='ltr'><strong>qualis</strong></span> <span class='ocrx_word' id='word_1_114' title='bbox 1138 1903 1173 1956; x_wconf 87' lang='lat' dir='ltr'><strong>sit</strong></span> 
     </span>
     <span class='ocr_line' id='line_1_16' title="bbox 379 1993 1173 2063; baseline -0.004 -13"><span class='ocrx_word' id='word_1_115' title='bbox 379 1997 496 2062; x_wconf 86' lang='lat' dir='ltr'><strong>loturus,</strong></span> <span class='ocrx_word' id='word_1_116' title='bbox 508 1997 638 2050; x_wconf 90' lang='lat' dir='ltr'><strong>incertum</strong></span> <span class='ocrx_word' id='word_1_117' title='bbox 647 2003 697 2049; x_wconf 88' lang='lat' dir='ltr'><strong>est.</strong></span> <span class='ocrx_word' id='word_1_118' title='bbox 708 1994 841 2063; x_wconf 80' lang='lat' dir='ltr'><strong>Numquid</strong></span> <span class='ocrx_word' id='word_1_119' title='bbox 851 2009 914 2063; x_wconf 76' lang='lat' dir='ltr'><strong>crgo</strong></span> <span class='ocrx_word' id='word_1_120' title='bbox 923 2003 1030 2062; x_wconf 83' lang='lat' dir='ltr'><strong>propter</strong></span> <span class='ocrx_word' id='word_1_121' title='bbox 1038 1993 1173 2062; x_wconf 82' lang='lat' dir='ltr'><strong>bnjnnno·</strong></span> 
     </span>
     <span class='ocr_line' id='line_1_17' title="bbox 378 2080 1170 2156; baseline -0.009 -13"><span class='ocrx_word' id='word_1_122' title='bbox 378 2090 408 2143; x_wconf 90' lang='lat' dir='ltr'><strong>di</strong></span> <span class='ocrx_word' id='word_1_123' title='bbox 422 2089 525 2143; x_wconf 87' lang='lat' dir='ltr'><strong>auitnas</strong></span> <span class='ocrx_word' id='word_1_124' title='bbox 537 2089 544 2119; x_wconf 86' lang='lat'><strong>¹</strong></span> <span class='ocrx_word' id='word_1_125' title='bbox 558 2080 659 2156; x_wconf 76' lang='lat' dir='ltr'><strong>ea&#39;qnar</strong></span> <span class='ocrx_word' id='word_1_126' title='bbox 672 2086 706 2143; x_wconf 86' lang='lat' dir='ltr'><strong>de</strong></span> <span class='ocrx_word' id='word_1_127' title='bbox 719 2084 884 2154; x_wconf 68' lang='lat' dir='ltr'><strong>praescientia</strong></span> <span class='ocrx_word' id='word_1_128' title='bbox 902 2086 946 2139; x_wconf 83' lang='lat' dir='ltr'><strong>Dei</strong></span> <span class='ocrx_word' id='word_1_129' title='bbox 968 2099 1028 2138; x_wconf 85' lang='lat' dir='ltr'><strong>tero</strong></span> <span class='ocrx_word' id='word_1_130' title='bbox 1037 2083 1170 2147; x_wconf 88' lang='lat' dir='ltr'><strong>dicuntur,</strong></span> 
     </span>
     <span class='ocr_line' id='line_1_18' title="bbox 379 2170 1172 2248; baseline -0.005 -18"><span class='ocrx_word' id='word_1_131' title='bbox 379 2179 422 2233; x_wconf 83' lang='lat' dir='ltr'><strong>rel</strong></span> <span class='ocrx_word' id='word_1_132' title='bbox 437 2178 555 2248; x_wconf 78' lang='lat' dir='ltr'><strong>neganda</strong></span> <span class='ocrx_word' id='word_1_133' title='bbox 572 2186 634 2231; x_wconf 90' lang='lat' dir='ltr'><strong>sunt</strong></span> <span class='ocrx_word' id='word_1_134' title='bbox 648 2175 688 2231; x_wconf 86' lang='lat' dir='ltr'><strong>rel</strong></span> <span class='ocrx_word' id='word_1_135' title='bbox 703 2174 830 2240; x_wconf 77' lang='lat' dir='ltr'><strong>tacenda3</strong></span> <span class='ocrx_word' id='word_1_136' title='bbox 853 2183 915 2227; x_wconf 92' lang='lat' dir='ltr'><strong>tunc</strong></span> <span class='ocrx_word' id='word_1_137' title='bbox 935 2173 1046 2239; x_wconf 84' lang='lat' dir='ltr'><strong>scilicet,</strong></span> <span class='ocrx_word' id='word_1_138' title='bbox 1066 2170 1172 2243; x_wconf 85' lang='lat' dir='ltr'><strong>qnando</strong></span> 
     </span>
     <span class='ocr_line' id='line_1_19' title="bbox 377 2266 932 2335; baseline -0.009 -10"><span class='ocrx_word' id='word_1_139' title='bbox 377 2274 403 2325; x_wconf 86' lang='lat' dir='ltr'><strong>si</strong></span> <span class='ocrx_word' id='word_1_140' title='bbox 412 2288 466 2325; x_wconf 89' lang='lat' dir='ltr'><strong>nnn</strong></span> <span class='ocrx_word' id='word_1_141' title='bbox 479 2272 610 2335; x_wconf 87' lang='lat' dir='ltr'><strong>dieantur,</strong></span> <span class='ocrx_word' id='word_1_142' title='bbox 627 2270 654 2324; x_wconf 88' lang='lat' dir='ltr'><strong>in</strong></span> <span class='ocrx_word' id='word_1_143' title='bbox 666 2268 733 2323; x_wconf 85' lang='lat' dir='ltr'><strong>alius</strong></span> <span class='ocrx_word' id='word_1_144' title='bbox 747 2266 932 2323; x_wconf 83' lang='lat' dir='ltr'><strong>ituretroresl</strong></span> 
     </span>
    </p>

    <p class='ocr_par' dir='ltr' id='par_1_3' title="bbox 375 2352 1173 3421">
     <span class='ocr_line' id='line_1_20' title="bbox 414 2352 1171 2425; baseline -0.013 -8"><span class='ocrx_word' id='word_1_145' title='bbox 414 2361 528 2418; x_wconf 78' lang='lat' dir='ltr'><strong>corut</strong></span> <span class='ocrx_word' id='word_1_146' title='bbox 549 2361 617 2415; x_wconf 74' lang='lat' dir='ltr'><strong>xli.</strong></span> <span class='ocrx_word' id='word_1_147' title='bbox 636 2389 672 2400; x_wconf 88' lang='lat'>-</span> <span class='ocrx_word' id='word_1_148' title='bbox 690 2359 734 2414; x_wconf 76' lang='lat' dir='ltr'><strong>ab.</strong></span> <span class='ocrx_word' id='word_1_149' title='bbox 754 2357 821 2413; x_wconf 87' lang='lat' dir='ltr'><strong>Sunt</strong></span> <span class='ocrx_word' id='word_1_150' title='bbox 833 2356 967 2425; x_wconf 88' lang='lat' dir='ltr'><strong>ctiamqni</strong></span> <span class='ocrx_word' id='word_1_151' title='bbox 978 2363 1115 2424; x_wconf 88' lang='lat' dir='ltr'><strong>propterea</strong></span> <span class='ocrx_word' id='word_1_152' title='bbox 1128 2352 1171 2409; x_wconf 89' lang='lat' dir='ltr'><strong>rel</strong></span> 
     </span>
     <span class='ocr_line' id='line_1_21' title="bbox 377 2445 1172 2518; baseline -0.006 -15"><span class='ocrx_word' id='word_1_153' title='bbox 377 2467 433 2505; x_wconf 89' lang='lat' dir='ltr'><strong>nou</strong></span> <span class='ocrx_word' id='word_1_154' title='bbox 449 2459 535 2517; x_wconf 85' lang='lat' dir='ltr'><strong>urant,</strong></span> <span class='ocrx_word' id='word_1_155' title='bbox 548 2449 591 2505; x_wconf 83' lang='lat' dir='ltr'><strong>rel</strong></span> <span class='ocrx_word' id='word_1_156' title='bbox 603 2448 697 2518; x_wconf 76' lang='lat' dir='ltr'><strong>lrigido</strong></span> <span class='ocrx_word' id='word_1_157' title='bbox 707 2455 795 2512; x_wconf 86' lang='lat' dir='ltr'><strong>orant,</strong></span> <span class='ocrx_word' id='word_1_158' title='bbox 809 2447 934 2514; x_wconf 90' lang='lat' dir='ltr'><strong>quoniam</strong></span> <span class='ocrx_word' id='word_1_159' title='bbox 947 2446 1058 2499; x_wconf 84' lang='lat' dir='ltr'><strong>Dourion</strong></span> <span class='ocrx_word' id='word_1_160' title='bbox 1068 2445 1172 2498; x_wconf 89' lang='lat' dir='ltr'><strong>dicente</strong></span> 
     </span>
     <span class='ocr_line' id='line_1_22' title="bbox 376 2535 1170 2605; baseline -0.01 -11"><span class='ocrx_word' id='word_1_161' title='bbox 376 2541 539 2605; x_wconf 86' lang='lat' dir='ltr'><strong>didicerunt,</strong></span> <span class='ocrx_word' id='word_1_162' title='bbox 561 2539 630 2593; x_wconf 91' lang='lat' dir='ltr'><strong>scire</strong></span> <span class='ocrx_word' id='word_1_163' title='bbox 648 2538 731 2592; x_wconf 83' lang='lat' dir='ltr'><strong>[lento</strong></span> <span class='ocrx_word' id='word_1_164' title='bbox 749 2536 811 2605; x_wconf 92' lang='lat' dir='ltr'><strong>quid</strong></span> <span class='ocrx_word' id='word_1_165' title='bbox 835 2536 912 2589; x_wconf 92' lang='lat' dir='ltr'><strong>nobis</strong></span> <span class='ocrx_word' id='word_1_166' title='bbox 933 2535 1113 2588; x_wconf 89' lang='lat' dir='ltr'><strong>necessarium</strong></span> <span class='ocrx_word' id='word_1_167' title='bbox 1126 2535 1170 2599; x_wconf 88' lang='lat' dir='ltr'><strong>sit,</strong></span> 
     </span>
     <span class='ocr_line' id='line_1_23' title="bbox 377 2625 1173 2700; baseline -0.006 -17"><span class='ocrx_word' id='word_1_168' title='bbox 377 2633 534 2700; x_wconf 78' lang='lat' dir='ltr'><strong>priusquam</strong></span> <span class='ocrx_word' id='word_1_169' title='bbox 546 2638 666 2698; x_wconf 84' lang='lat' dir='ltr'><strong>petamus</strong></span> <span class='ocrx_word' id='word_1_170' title='bbox 679 2628 712 2681; x_wconf 88' lang='lat' dir='ltr'><strong>ab</strong></span> <span class='ocrx_word' id='word_1_171' title='bbox 725 2642 757 2681; x_wconf 89' lang='lat' dir='ltr'><strong>eo</strong></span> <span class='ocrx_word' id='word_1_172' title='bbox 769 2625 917 2697; x_wconf 76' lang='lat' dir='ltr'><strong>(Mutilum,</strong></span> <span class='ocrx_word' id='word_1_173' title='bbox 932 2626 970 2694; x_wconf 77' lang='lat'><strong>8).</strong></span> <span class='ocrx_word' id='word_1_174' title='bbox 983 2625 1050 2679; x_wconf 82' lang='lat' dir='ltr'><strong>Num</strong></span> <span class='ocrx_word' id='word_1_175' title='bbox 1067 2634 1173 2694; x_wconf 85' lang='lat' dir='ltr'><strong>propter</strong></span> 
     </span>
     <span class='ocr_line' id='line_1_24' title="bbox 378 2715 1171 2789; baseline -0.008 -15"><span class='ocrx_word' id='word_1_176' title='bbox 378 2723 447 2776; x_wconf 80' lang='lat' dir='ltr'><strong>tales</strong></span> <span class='ocrx_word' id='word_1_177' title='bbox 460 2720 539 2789; x_wconf 84' lang='lat' dir='ltr'><strong>lrnjns</strong></span> <span class='ocrx_word' id='word_1_178' title='bbox 551 2719 690 2773; x_wconf 73' lang='lat' dir='ltr'><strong>sementim</strong></span> <span class='ocrx_word' id='word_1_179' title='bbox 706 2721 803 2770; x_wconf 81' lang='lat' dir='ltr'><strong>ueritas</strong></span> <span class='ocrx_word' id='word_1_180' title='bbox 817 2715 973 2779; x_wconf 88' lang='lat' dir='ltr'><strong>deserenda,</strong></span> <span class='ocrx_word' id='word_1_181' title='bbox 983 2724 1028 2768; x_wconf 91' lang='lat' dir='ltr'><strong>aut</strong></span> <span class='ocrx_word' id='word_1_182' title='bbox 1040 2731 1072 2769; x_wconf 83' lang='lat' dir='ltr'><strong>ex</strong></span> <span class='ocrx_word' id='word_1_183' title='bbox 1083 2716 1171 2768; x_wconf 80' lang='lat' dir='ltr'><strong>Euan-</strong></span> 
     </span>
     <span class='ocr_line' id='line_1_25' title="bbox 375 2804 1168 2881; baseline -0.013 -16"><span class='ocrx_word' id='word_1_184' title='bbox 375 2812 448 2881; x_wconf 71' lang='lat' dir='ltr'><strong>gotio</strong></span> <span class='ocrx_word' id='word_1_185' title='bbox 462 2809 576 2864; x_wconf 88' lang='lat' dir='ltr'><strong>delenda</strong></span> <span class='ocrx_word' id='word_1_186' title='bbox 589 2807 747 2878; x_wconf 82' lang='lat' dir='ltr'><strong>putabitur?</strong></span> <span class='ocrx_word' id='word_1_187' title='bbox 758 2805 882 2860; x_wconf 85' lang='lat' dir='ltr'><strong>lrnocttm</strong></span> <span class='ocrx_word' id='word_1_188' title='bbox 892 2813 995 2859; x_wconf 72' lang='lat' dir='ltr'><strong>consmt</strong></span> <span class='ocrx_word' id='word_1_189' title='bbox 1008 2804 1058 2856; x_wconf 86' lang='lat' dir='ltr'><strong>alia</strong></span> <span class='ocrx_word' id='word_1_190' title='bbox 1077 2804 1168 2867; x_wconf 82' lang='lat' dir='ltr'><strong>ileum,</strong></span> 
     </span>
     <span class='ocr_line' id='line_1_26' title="bbox 377 2890 1171 2960; baseline -0.015 -4"><span class='ocrx_word' id='word_1_191' title='bbox 377 2901 466 2956; x_wconf 90' lang='lat' dir='ltr'><strong>danda</strong></span> <span class='ocrx_word' id='word_1_192' title='bbox 478 2900 556 2955; x_wconf 87' lang='lat' dir='ltr'><strong>etiam</strong></span> <span class='ocrx_word' id='word_1_193' title='bbox 569 2913 622 2952; x_wconf 89' lang='lat' dir='ltr'><strong>non</strong></span> <span class='ocrx_word' id='word_1_194' title='bbox 636 2897 773 2953; x_wconf 78' lang='lat' dir='ltr'><strong>orantibus</strong></span> <span class='ocrx_word' id='word_1_195' title='bbox 787 2897 808 2960; x_wconf 94' lang='lat'><strong>¹,</strong></span> <span class='ocrx_word' id='word_1_196' title='bbox 823 2894 891 2948; x_wconf 91' lang='lat' dir='ltr'><strong>sicut</strong></span> <span class='ocrx_word' id='word_1_197' title='bbox 904 2894 1006 2947; x_wconf 92' lang='lat' dir='ltr'><strong>initium</strong></span> <span class='ocrx_word' id='word_1_198' title='bbox 1019 2892 1098 2956; x_wconf 75' lang='lat' dir='ltr'><strong>fidei,</strong></span> <span class='ocrx_word' id='word_1_199' title='bbox 1119 2890 1171 2946; x_wconf 84' lang='lat' dir='ltr'><strong>alia</strong></span> 
     </span>
     <span class='ocr_line' id='line_1_27' title="bbox 377 2982 1169 3056; baseline -0.013 -11"><span class='ocrx_word' id='word_1_200' title='bbox 377 2991 485 3045; x_wconf 88' lang='lat' dir='ltr'><strong>ntmnisi</strong></span> <span class='ocrx_word' id='word_1_201' title='bbox 501 2989 638 3043; x_wconf 84' lang='lat' dir='ltr'><strong>orantibus</strong></span> <span class='ocrx_word' id='word_1_202' title='bbox 649 2999 821 3056; x_wconf 74' lang='lat' dir='ltr'><strong>preparasse,</strong></span> <span class='ocrx_word' id='word_1_203' title='bbox 837 2984 907 3038; x_wconf 85' lang='lat' dir='ltr'><strong>sicut</strong></span> <span class='ocrx_word' id='word_1_204' title='bbox 929 2997 1011 3052; x_wconf 88' lang='lat' dir='ltr'><strong>usque</strong></span> <span class='ocrx_word' id='word_1_205' title='bbox 1036 2985 1062 3037; x_wconf 93' lang='lat' dir='ltr'><strong>in</strong></span> <span class='ocrx_word' id='word_1_206' title='bbox 1089 2982 1169 3036; x_wconf 90' lang='lat' dir='ltr'><strong>linem</strong></span> 
     </span>
     <span class='ocr_line' id='line_1_28' title="bbox 378 3072 1169 3152; baseline -0.008 -20"><span class='ocrx_word' id='word_1_207' title='bbox 378 3082 603 3152; x_wconf 74' lang='lat' dir='ltr'><strong>perseuerantimn</strong></span> <span class='ocrx_word' id='word_1_208' title='bbox 617 3097 623 3135; x_wconf 91' lang='lat'>:</span> <span class='ocrx_word' id='word_1_209' title='bbox 636 3079 753 3149; x_wconf 87' lang='lat' dir='ltr'><strong>prolecto</strong></span> <span class='ocrx_word' id='word_1_210' title='bbox 769 3077 814 3147; x_wconf 93' lang='lat' dir='ltr'><strong>qui</strong></span> <span class='ocrx_word' id='word_1_211' title='bbox 828 3091 861 3130; x_wconf 83' lang='lat' dir='ltr'><strong>cx</strong></span> <span class='ocrx_word' id='word_1_212' title='bbox 876 3090 904 3130; x_wconf 84' lang='lat' dir='ltr'><strong>sc</strong></span> <span class='ocrx_word' id='word_1_213' title='bbox 919 3077 975 3145; x_wconf 92' lang='lat' dir='ltr'><strong>ipso</strong></span> <span class='ocrx_word' id='word_1_214' title='bbox 991 3074 1058 3128; x_wconf 90' lang='lat' dir='ltr'><strong>banc</strong></span> <span class='ocrx_word' id='word_1_215' title='bbox 1078 3089 1108 3128; x_wconf 87' lang='lat' dir='ltr'><strong>sc</strong></span> <span class='ocrx_word' id='word_1_216' title='bbox 1123 3072 1169 3127; x_wconf 88' lang='lat' dir='ltr'><strong>ba·</strong></span> 
     </span>
     <span class='ocr_line' id='line_1_29' title="bbox 377 3165 1167 3243; baseline -0.014 -14"><span class='ocrx_word' id='word_1_217' title='bbox 377 3177 444 3228; x_wconf 79' lang='lat' dir='ltr'><strong>berc</strong></span> <span class='ocrx_word' id='word_1_218' title='bbox 459 3183 532 3243; x_wconf 82' lang='lat' dir='ltr'><strong>putat</strong></span> <span class='ocrx_word' id='word_1_219' title='bbox 542 3212 549 3237; x_wconf 85' lang='lat'><strong>,</strong></span> <span class='ocrx_word' id='word_1_220' title='bbox 561 3186 613 3225; x_wconf 90' lang='lat' dir='ltr'><strong>nen</strong></span> <span class='ocrx_word' id='word_1_221' title='bbox 629 3181 686 3224; x_wconf 89' lang='lat' dir='ltr'><strong>orat</strong></span> <span class='ocrx_word' id='word_1_222' title='bbox 701 3178 730 3222; x_wconf 86' lang='grc' dir='ltr'><strong>ιιι</strong></span> <span class='ocrx_word' id='word_1_223' title='bbox 743 3169 848 3222; x_wconf 86' lang='lat' dir='ltr'><strong>babeat.</strong></span> <span class='ocrx_word' id='word_1_224' title='bbox 859 3166 1011 3221; x_wconf 85' lang='lat' dir='ltr'><strong>Cavurrdum</strong></span> <span class='ocrx_word' id='word_1_225' title='bbox 1024 3174 1065 3220; x_wconf 88' lang='lat' dir='ltr'><strong>est</strong></span> <span class='ocrx_word' id='word_1_226' title='bbox 1079 3165 1167 3234; x_wconf 80' lang='lat' dir='ltr'><strong>igitur,</strong></span> 
     </span>
     <span class='ocr_line' id='line_1_30' title="bbox 378 3258 1170 3329; baseline -0.01 -10"><span class='ocrx_word' id='word_1_227' title='bbox 378 3264 496 3329; x_wconf 66' lang='lat' dir='ltr'><strong>nedum</strong></span> <span class='ocrx_word' id='word_1_228' title='bbox 510 3264 632 3317; x_wconf 88' lang='lat' dir='ltr'><strong>timemus</strong></span> <span class='ocrx_word' id='word_1_229' title='bbox 649 3277 682 3315; x_wconf 90' lang='lat' dir='ltr'><strong>nc</strong></span> <span class='ocrx_word' id='word_1_230' title='bbox 699 3267 817 3328; x_wconf 85' lang='lat' dir='ltr'><strong>tepeseat</strong></span> <span class='ocrx_word' id='word_1_231' title='bbox 842 3258 966 3324; x_wconf 74' lang='lat' dir='ltr'><strong>hortatio,</strong></span> <span class='ocrx_word' id='word_1_232' title='bbox 988 3260 1170 3327; x_wconf 77' lang='lat' dir='ltr'><strong>exstinguatur</strong></span> 
     </span>
     <span class='ocr_line' id='line_1_31' title="bbox 376 3352 752 3421; baseline -0.016 -11"><span class='ocrx_word' id='word_1_233' title='bbox 376 3356 475 3421; x_wconf 79' lang='lat' dir='ltr'><strong>oratio,</strong></span> <span class='ocrx_word' id='word_1_234' title='bbox 490 3354 650 3408; x_wconf 80' lang='lat' dir='ltr'><strong>accendatur·</strong></span> <span class='ocrx_word' id='word_1_235' title='bbox 662 3352 752 3404; x_wconf 86' lang='lat' dir='ltr'><strong>clario.</strong></span> 
     </span>
    </p>

    <p class='ocr_par' dir='ltr' id='par_1_4' title="bbox 319 3438 1171 5528">
     <span class='ocr_line' id='line_1_32' title="bbox 413 3438 1171 3512; baseline -0.013 -11"><span class='ocrx_word' id='word_1_236' title='bbox 413 3446 459 3502; x_wconf 77' lang='lat' dir='ltr'><strong>il).</strong></span> <span class='ocrx_word' id='word_1_237' title='bbox 480 3444 587 3499; x_wconf 80' lang='lat' dir='ltr'><strong>Dicatur</strong></span> <span class='ocrx_word' id='word_1_238' title='bbox 599 3458 663 3512; x_wconf 77' lang='lat' dir='ltr'><strong>ergo</strong></span> <span class='ocrx_word' id='word_1_239' title='bbox 674 3457 775 3505; x_wconf 85' lang='lat' dir='ltr'><strong>rerum,</strong></span> <span class='ocrx_word' id='word_1_240' title='bbox 790 3440 904 3493; x_wconf 80' lang='lat' dir='ltr'><strong>maxime</strong></span> <span class='ocrx_word' id='word_1_241' title='bbox 913 3439 1049 3508; x_wconf 83' lang='lat' dir='ltr'><strong>ultialiqua</strong></span> <span class='ocrx_word' id='word_1_242' title='bbox 1058 3438 1171 3508; x_wconf 81' lang='lat' dir='ltr'><strong>quaestio</strong></span> 
     </span>
     <span class='ocr_line' id='line_1_33' title="bbox 379 3529 1170 3603; baseline -0.006 -13"><span class='ocrx_word' id='word_1_243' title='bbox 379 3546 408 3590; x_wconf 92' lang='lat' dir='ltr'><strong>nt</strong></span> <span class='ocrx_word' id='word_1_244' title='bbox 422 3536 522 3590; x_wconf 87' lang='lat' dir='ltr'><strong>dicatur</strong></span> <span class='ocrx_word' id='word_1_245' title='bbox 534 3535 661 3603; x_wconf 89' lang='lat' dir='ltr'><strong>impeliit;</strong></span> <span class='ocrx_word' id='word_1_246' title='bbox 679 3544 704 3587; x_wconf 87' lang='lat' dir='ltr'><strong>et</strong></span> <span class='ocrx_word' id='word_1_247' title='bbox 718 3533 823 3601; x_wconf 88' lang='lat' dir='ltr'><strong>capiant</strong></span> <span class='ocrx_word' id='word_1_248' title='bbox 841 3532 885 3600; x_wconf 91' lang='lat' dir='ltr'><strong>qni</strong></span> <span class='ocrx_word' id='word_1_249' title='bbox 904 3539 1014 3600; x_wconf 75' lang='lat' dir='ltr'><strong>possunt</strong></span> <span class='ocrx_word' id='word_1_250' title='bbox 1029 3548 1036 3583; x_wconf 79' lang='lat' dir='ltr'><strong><em>z</em></strong></span> <span class='ocrx_word' id='word_1_251' title='bbox 1051 3546 1085 3585; x_wconf 90' lang='lat' dir='ltr'><strong>nc</strong></span> <span class='ocrx_word' id='word_1_252' title='bbox 1102 3529 1170 3586; x_wconf 91' lang='lat' dir='ltr'><strong>lorte</strong></span> 
     </span>
     <span class='ocr_line' id='line_1_34' title="bbox 377 3625 1169 3695; baseline -0.006 -14"><span class='ocrx_word' id='word_1_253' title='bbox 377 3643 439 3681; x_wconf 80' lang='lat' dir='ltr'><strong>cnm</strong></span> <span class='ocrx_word' id='word_1_254' title='bbox 451 3636 551 3682; x_wconf 83' lang='lat' dir='ltr'><strong>tacetur</strong></span> <span class='ocrx_word' id='word_1_255' title='bbox 564 3634 672 3695; x_wconf 88' lang='lat' dir='ltr'><strong>propter</strong></span> <span class='ocrx_word' id='word_1_256' title='bbox 686 3640 732 3679; x_wconf 88' lang='lat' dir='ltr'><strong>cos</strong></span> <span class='ocrx_word' id='word_1_257' title='bbox 745 3625 788 3692; x_wconf 91' lang='lat' dir='ltr'><strong>qni</strong></span> <span class='ocrx_word' id='word_1_258' title='bbox 806 3639 901 3692; x_wconf 75' lang='lat' dir='ltr'><strong>capreoe</strong></span> <span class='ocrx_word' id='word_1_259' title='bbox 914 3639 966 3676; x_wconf 92' lang='lat' dir='ltr'><strong>ooo</strong></span> <span class='ocrx_word' id='word_1_260' title='bbox 982 3631 1101 3691; x_wconf 88' lang='lat' dir='ltr'><strong>possunt,</strong></span> <span class='ocrx_word' id='word_1_261' title='bbox 1116 3637 1169 3676; x_wconf 88' lang='grc' dir='ltr'>ιιοιι</span> 
     </span>
     <span class='ocr_line' id='line_1_35' title="bbox 378 3712 1170 3781; baseline -0.009 -9"><span class='ocrx_word' id='word_1_262' title='bbox 378 3720 465 3773; x_wconf 87' lang='lat' dir='ltr'><strong>solum</strong></span> <span class='ocrx_word' id='word_1_263' title='bbox 478 3718 587 3773; x_wconf 80' lang='lat' dir='ltr'><strong>veritato</strong></span> <span class='ocrx_word' id='word_1_264' title='bbox 602 3716 757 3770; x_wconf 76' lang='lat' dir='ltr'><strong>fraudentur</strong></span> <span class='ocrx_word' id='word_1_265' title='bbox 767 3755 775 3781; x_wconf 83' lang='lat'>‚</span> <span class='ocrx_word' id='word_1_266' title='bbox 787 3730 877 3769; x_wconf 77' lang='lat' dir='ltr'><strong>vertam</strong></span> <span class='ocrx_word' id='word_1_267' title='bbox 893 3715 973 3767; x_wconf 85' lang='lat' dir='ltr'><strong>eliam</strong></span> <span class='ocrx_word' id='word_1_268' title='bbox 992 3712 1108 3767; x_wconf 85' lang='lat' dir='ltr'><strong>salsitate</strong></span> <span class='ocrx_word' id='word_1_269' title='bbox 1124 3728 1170 3766; x_wconf 85' lang='lat' dir='ltr'><strong>ca·</strong></span> 
     </span>
     <span class='ocr_line' id='line_1_36' title="bbox 379 3803 1168 3878; baseline -0.004 -17"><span class='ocrx_word' id='word_1_270' title='bbox 379 3811 500 3878; x_wconf 84' lang='lat' dir='ltr'><strong>piantur,</strong></span> <span class='ocrx_word' id='word_1_271' title='bbox 523 3808 568 3878; x_wconf 93' lang='lat' dir='ltr'><strong>qui</strong></span> <span class='ocrx_word' id='word_1_272' title='bbox 593 3821 684 3860; x_wconf 82' lang='lat' dir='ltr'><strong>rerunt</strong></span> <span class='ocrx_word' id='word_1_273' title='bbox 707 3820 813 3874; x_wconf 84' lang='lat' dir='ltr'><strong>capere,</strong></span> <span class='ocrx_word' id='word_1_274' title='bbox 837 3818 890 3874; x_wconf 91' lang='lat' dir='ltr'><strong>quo</strong></span> <span class='ocrx_word' id='word_1_275' title='bbox 909 3814 1033 3858; x_wconf 84' lang='lat' dir='ltr'><strong>careatur</strong></span> <span class='ocrx_word' id='word_1_276' title='bbox 1056 3803 1168 3871; x_wconf 77' lang='lat' dir='ltr'><strong>saisitus,</strong></span> 
     </span>
     <span class='ocr_line' id='line_1_37' title="bbox 381 3895 1170 3966; baseline 0.006 -20"><span class='ocrx_word' id='word_1_277' title='bbox 381 3907 500 3966; x_wconf 75' lang='lat' dir='ltr'><strong>possunt.</strong></span> <span class='ocrx_word' id='word_1_278' title='bbox 518 3897 608 3952; x_wconf 82' lang='lat' dir='ltr'><strong>Facile</strong></span> <span class='ocrx_word' id='word_1_279' title='bbox 625 3905 666 3951; x_wconf 88' lang='lat' dir='ltr'><strong>est</strong></span> <span class='ocrx_word' id='word_1_280' title='bbox 677 3896 759 3959; x_wconf 85' lang='lat' dir='ltr'><strong>enirn,</strong></span> <span class='ocrx_word' id='word_1_281' title='bbox 775 3895 828 3948; x_wconf 92' lang='lat' dir='ltr'><strong>imo</strong></span> <span class='ocrx_word' id='word_1_282' title='bbox 847 3905 873 3948; x_wconf 89' lang='lat' dir='ltr'><strong>ct</strong></span> <span class='ocrx_word' id='word_1_283' title='bbox 896 3896 970 3961; x_wconf 86' lang='lat' dir='ltr'><strong>utile,</strong></span> <span class='ocrx_word' id='word_1_284' title='bbox 996 3905 1024 3948; x_wconf 92' lang='lat' dir='ltr'><strong>ut</strong></span> <span class='ocrx_word' id='word_1_285' title='bbox 1051 3903 1170 3951; x_wconf 78' lang='lat' dir='ltr'><strong>taceatur</strong></span> 
     </span>
     <span class='ocr_line' id='line_1_38' title="bbox 378 3987 1169 4060; baseline 0.003 -19"><span class='ocrx_word' id='word_1_286' title='bbox 378 3991 487 4060; x_wconf 77' lang='lat' dir='ltr'><strong>aliquod</strong></span> <span class='ocrx_word' id='word_1_287' title='bbox 503 4004 594 4052; x_wconf 79' lang='lat' dir='ltr'><strong>sertim</strong></span> <span class='ocrx_word' id='word_1_288' title='bbox 607 3996 714 4058; x_wconf 87' lang='lat' dir='ltr'><strong>propter</strong></span> <span class='ocrx_word' id='word_1_289' title='bbox 726 3989 873 4056; x_wconf 85' lang='lat' dir='ltr'><strong>incapaces.</strong></span> <span class='ocrx_word' id='word_1_290' title='bbox 887 3987 954 4041; x_wconf 76' lang='lat' dir='ltr'><strong>ilum</strong></span> <span class='ocrx_word' id='word_1_291' title='bbox 968 3988 1037 4042; x_wconf 89' lang='lat' dir='ltr'><strong>unde</strong></span> <span class='ocrx_word' id='word_1_292' title='bbox 1049 3998 1091 4042; x_wconf 85' lang='lat' dir='ltr'><strong>est</strong></span> <span class='ocrx_word' id='word_1_293' title='bbox 1105 3989 1169 4043; x_wconf 89' lang='lat' dir='ltr'><strong>illud</strong></span> 
     </span>
     <span class='ocr_line' id='line_1_39' title="bbox 381 4078 1171 4148; baseline -0.005 -12"><span class='ocrx_word' id='word_1_294' title='bbox 381 4082 496 4145; x_wconf 81' lang='lat' dir='ltr'><strong>ltnrttirti,</strong></span> <span class='ocrx_word' id='word_1_295' title='bbox 510 4081 601 4134; x_wconf 78' lang='lat' dir='ltr'><strong>Aditus</strong></span> <span class='ocrx_word' id='word_1_296' title='bbox 615 4080 694 4134; x_wconf 85' lang='lat' dir='ltr'><strong>ntultu</strong></span> <span class='ocrx_word' id='word_1_297' title='bbox 707 4081 786 4133; x_wconf 76' lang='lat' dir='ltr'><strong>dobeo</strong></span> <span class='ocrx_word' id='word_1_298' title='bbox 803 4078 871 4131; x_wconf 79' lang='lat' dir='ltr'><strong>volis</strong></span> <span class='ocrx_word' id='word_1_299' title='bbox 889 4079 981 4143; x_wconf 85' lang='lat' dir='ltr'><strong>dicere,</strong></span> <span class='ocrx_word' id='word_1_300' title='bbox 996 4079 1040 4131; x_wconf 82' lang='lat' dir='ltr'><strong>aod</strong></span> <span class='ocrx_word' id='word_1_301' title='bbox 1055 4095 1105 4131; x_wconf 87' lang='lat' dir='ltr'><strong>nou</strong></span> <span class='ocrx_word' id='word_1_302' title='bbox 1128 4096 1171 4148; x_wconf 86' lang='lat' dir='ltr'><strong>po·</strong></span> 
     </span>
     <span class='ocr_line' id='line_1_40' title="bbox 378 4168 1170 4240; baseline -0.009 -13"><span class='ocrx_word' id='word_1_303' title='bbox 378 4176 447 4228; x_wconf 71' lang='lat' dir='ltr'><strong>tutia</strong></span> <span class='ocrx_word' id='word_1_304' title='bbox 459 4171 504 4225; x_wconf 82' lang='lat' dir='ltr'><strong>illu</strong></span> <span class='ocrx_word' id='word_1_305' title='bbox 515 4181 614 4240; x_wconf 79' lang='lat' dir='ltr'><strong>pertore</strong></span> <span class='ocrx_word' id='word_1_306' title='bbox 628 4170 703 4224; x_wconf 84' lang='lat' dir='ltr'><strong>rrtodo</strong></span> <span class='ocrx_word' id='word_1_307' title='bbox 719 4169 808 4240; x_wconf 79' lang='lat' dir='ltr'><strong>(Jourt.</strong></span> <span class='ocrx_word' id='word_1_308' title='bbox 824 4185 879 4234; x_wconf 81' lang='grc' dir='ltr'>ιιι,</span> <span class='ocrx_word' id='word_1_309' title='bbox 895 4169 960 4238; x_wconf 69' lang='lat' dir='ltr'><strong>lii?</strong></span> <span class='ocrx_word' id='word_1_310' title='bbox 976 4177 1003 4222; x_wconf 91' lang='lat' dir='ltr'><strong>ct</strong></span> <span class='ocrx_word' id='word_1_311' title='bbox 1020 4168 1083 4221; x_wconf 90' lang='lat' dir='ltr'><strong>illud</strong></span> <span class='ocrx_word' id='word_1_312' title='bbox 1097 4170 1170 4236; x_wconf 75' lang='lat' dir='ltr'><strong>Apo·</strong></span> 
     </span>
     <span class='ocr_line' id='line_1_41' title="bbox 379 4262 1170 4338; baseline -0.008 -17"><span class='ocrx_word' id='word_1_313' title='bbox 379 4270 452 4335; x_wconf 80' lang='lat' dir='ltr'><strong>stuli,</strong></span> <span class='ocrx_word' id='word_1_314' title='bbox 467 4267 527 4322; x_wconf 79' lang='grc' dir='ltr'>Νοιι</span> <span class='ocrx_word' id='word_1_315' title='bbox 548 4267 619 4338; x_wconf 82' lang='lat' dir='ltr'><strong>potui</strong></span> <span class='ocrx_word' id='word_1_316' title='bbox 641 4267 709 4321; x_wconf 77' lang='lat' dir='ltr'><strong>rolris</strong></span> <span class='ocrx_word' id='word_1_317' title='bbox 734 4266 801 4334; x_wconf 83' lang='lat' dir='ltr'><strong>ioqui</strong></span> <span class='ocrx_word' id='word_1_318' title='bbox 826 4265 898 4334; x_wconf 80' lang='lat' dir='ltr'><strong>quati</strong></span> <span class='ocrx_word' id='word_1_319' title='bbox 919 4262 1107 4330; x_wconf 75' lang='lat' dir='ltr'><strong>spiritualibus,</strong></span> <span class='ocrx_word' id='word_1_320' title='bbox 1125 4263 1170 4315; x_wconf 78' lang='lat' dir='ltr'><strong>aed</strong></span> 
     </span>
     <span class='ocr_line' id='line_1_42' title="bbox 379 4354 1170 4428; baseline -0.005 -15"><span class='ocrx_word' id='word_1_321' title='bbox 379 4360 606 4426; x_wconf 80' lang='lat' dir='ltr'><strong>qnoricmarultbus</strong></span> <span class='ocrx_word' id='word_1_322' title='bbox 622 4359 714 4428; x_wconf 85' lang='lat' dir='ltr'><strong>:quusi</strong></span> <span class='ocrx_word' id='word_1_323' title='bbox 740 4359 852 4428; x_wconf 76' lang='lat' dir='ltr'><strong>purttuiis</strong></span> <span class='ocrx_word' id='word_1_324' title='bbox 873 4358 899 4410; x_wconf 87' lang='grc' dir='ltr'><strong>ιἰι</strong></span> <span class='ocrx_word' id='word_1_325' title='bbox 925 4354 1023 4411; x_wconf 82' lang='lat' dir='ltr'><strong>Citriste</strong></span> <span class='ocrx_word' id='word_1_326' title='bbox 1045 4357 1084 4408; x_wconf 82' lang='lat' dir='ltr'><strong>lue</strong></span> <span class='ocrx_word' id='word_1_327' title='bbox 1103 4356 1170 4409; x_wconf 79' lang='lat' dir='ltr'><strong>tobia</strong></span> 
     </span>
     <span class='ocr_line' id='line_1_43' title="bbox 379 4447 1170 4521; baseline -0.009 -16"><span class='ocrx_word' id='word_1_328' title='bbox 379 4462 467 4521; x_wconf 84' lang='lat' dir='ltr'><strong>potum</strong></span> <span class='ocrx_word' id='word_1_329' title='bbox 478 4451 546 4516; x_wconf 83' lang='lat' dir='ltr'><strong>dedi,</strong></span> <span class='ocrx_word' id='word_1_330' title='bbox 558 4467 609 4503; x_wconf 82' lang='lat' dir='ltr'><strong>rien</strong></span> <span class='ocrx_word' id='word_1_331' title='bbox 622 4466 704 4505; x_wconf 81' lang='lat' dir='ltr'><strong>escum</strong></span> <span class='ocrx_word' id='word_1_332' title='bbox 716 4448 845 4511; x_wconf 75' lang='lat' dir='ltr'><strong>,¹ttotrtittm</strong></span> <span class='ocrx_word' id='word_1_333' title='bbox 855 4448 921 4501; x_wconf 76' lang='lat' dir='ltr'><strong>euius</strong></span> <span class='ocrx_word' id='word_1_334' title='bbox 935 4448 1063 4516; x_wconf 76' lang='lat' dir='ltr'><strong>poteratis,</strong></span> <span class='ocrx_word' id='word_1_335' title='bbox 1074 4447 1170 4500; x_wconf 75' lang='lat' dir='ltr'><strong>sidaec</strong></span> 
     </span>
     <span class='ocr_line' id='line_1_44' title="bbox 378 4536 1170 4611; baseline -0.005 -16"><span class='ocrx_word' id='word_1_336' title='bbox 378 4543 464 4595; x_wconf 79' lang='lat' dir='ltr'><strong>aditus</strong></span> <span class='ocrx_word' id='word_1_337' title='bbox 472 4541 571 4611; x_wconf 86' lang='lat' dir='ltr'><strong>quidem</strong></span> <span class='ocrx_word' id='word_1_338' title='bbox 585 4541 686 4610; x_wconf 83' lang='lat' dir='ltr'><strong>potestis</strong></span> <span class='ocrx_word' id='word_1_339' title='bbox 695 4539 717 4607; x_wconf 78' lang='lat' dir='ltr'><strong>(l</strong></span> <span class='ocrx_word' id='word_1_340' title='bbox 729 4538 787 4593; x_wconf 82' lang='lat' dir='ltr'><strong>Cor.</strong></span> <span class='ocrx_word' id='word_1_341' title='bbox 805 4554 843 4600; x_wconf 91' lang='lat' dir='ltr'><strong>m,</strong></span> <span class='ocrx_word' id='word_1_342' title='bbox 857 4539 882 4603; x_wconf 90' lang='lat' dir='ltr'><strong>l,</strong></span> <span class='ocrx_word' id='word_1_343' title='bbox 896 4538 922 4608; x_wconf 76' lang='lat'><strong>⁶2)</strong></span> <span class='ocrx_word' id='word_1_344' title='bbox 932 4539 943 4590; x_wconf 82' lang='lat' dir='ltr'><strong>l</strong></span> <span class='ocrx_word' id='word_1_345' title='bbox 952 4536 1080 4604; x_wconf 83' lang='lat' dir='ltr'><strong>Quatotis</strong></span> <span class='ocrx_word' id='word_1_346' title='bbox 1090 4537 1170 4591; x_wconf 91' lang='lat' dir='ltr'><strong>modo</strong></span> 
     </span>
     <span class='ocr_line' id='line_1_45' title="bbox 377 4627 1171 4702; baseline -0.003 -18"><span class='ocrx_word' id='word_1_347' title='bbox 377 4632 494 4702; x_wconf 86' lang='lat' dir='ltr'><strong>quodam</strong></span> <span class='ocrx_word' id='word_1_348' title='bbox 508 4631 613 4685; x_wconf 90' lang='lat' dir='ltr'><strong>dicendi</strong></span> <span class='ocrx_word' id='word_1_349' title='bbox 632 4630 688 4684; x_wconf 85' lang='lat' dir='ltr'><strong>lteri</strong></span> <span class='ocrx_word' id='word_1_350' title='bbox 715 4631 807 4699; x_wconf 88' lang='lat' dir='ltr'><strong>possit,</strong></span> <span class='ocrx_word' id='word_1_351' title='bbox 821 4640 849 4682; x_wconf 91' lang='lat' dir='ltr'><strong>ut</strong></span> <span class='ocrx_word' id='word_1_352' title='bbox 871 4629 897 4682; x_wconf 94' lang='lat' dir='ltr'><strong>id</strong></span> <span class='ocrx_word' id='word_1_353' title='bbox 920 4628 989 4697; x_wconf 90' lang='lat' dir='ltr'><strong>qnod</strong></span> <span class='ocrx_word' id='word_1_354' title='bbox 1011 4627 1116 4694; x_wconf 85' lang='lat' dir='ltr'><strong>dieitur,</strong></span> <span class='ocrx_word' id='word_1_355' title='bbox 1143 4639 1171 4682; x_wconf 95' lang='lat' dir='ltr'><strong>et</strong></span> 
     </span>
     <span class='ocr_line' id='line_1_46' title="bbox 379 4719 1169 4796; baseline -0.004 -18"><span class='ocrx_word' id='word_1_356' title='bbox 379 4727 497 4796; x_wconf 84' lang='lat' dir='ltr'><strong>paruulis</strong></span> <span class='ocrx_word' id='word_1_357' title='bbox 511 4727 561 4792; x_wconf 88' lang='lat' dir='ltr'><strong>lac,</strong></span> <span class='ocrx_word' id='word_1_358' title='bbox 575 4723 825 4795; x_wconf 79' lang='lat' dir='ltr'><strong>etqrmrdibusesett</strong></span> <span class='ocrx_word' id='word_1_359' title='bbox 841 4724 885 4776; x_wconf 91' lang='lat' dir='ltr'><strong>sit.</strong></span> <span class='ocrx_word' id='word_1_360' title='bbox 900 4721 983 4786; x_wconf 84' lang='lat' dir='ltr'><strong>Sient,</strong></span> <span class='ocrx_word' id='word_1_361' title='bbox 1001 4719 1034 4774; x_wconf 85' lang='lat' dir='ltr'><strong>in</strong></span> <span class='ocrx_word' id='word_1_362' title='bbox 1046 4722 1169 4792; x_wconf 81' lang='lat' dir='ltr'><strong>principio</strong></span> 
     </span>
     <span class='ocr_line' id='line_1_47' title="bbox 378 4810 1170 4883; baseline -0.008 -13"><span class='ocrx_word' id='word_1_363' title='bbox 378 4830 433 4871; x_wconf 81' lang='lat' dir='ltr'><strong>erut</strong></span> <span class='ocrx_word' id='word_1_364' title='bbox 451 4817 568 4883; x_wconf 84' lang='lat' dir='ltr'><strong>l&#39;crbttttt,</strong></span> <span class='ocrx_word' id='word_1_365' title='bbox 580 4826 603 4870; x_wconf 85' lang='lat' dir='ltr'><strong>et</strong></span> <span class='ocrx_word' id='word_1_366' title='bbox 622 4815 728 4869; x_wconf 79' lang='lat' dir='ltr'><strong>Verium</strong></span> <span class='ocrx_word' id='word_1_367' title='bbox 739 4824 791 4868; x_wconf 85' lang='lat' dir='ltr'><strong>erat</strong></span> <span class='ocrx_word' id='word_1_368' title='bbox 804 4812 873 4882; x_wconf 84' lang='lat' dir='ltr'><strong>apud</strong></span> <span class='ocrx_word' id='word_1_369' title='bbox 885 4810 967 4865; x_wconf 86' lang='lat' dir='ltr'><strong>Dcttm</strong></span> <span class='ocrx_word' id='word_1_370' title='bbox 979 4853 986 4876; x_wconf 85' lang='lat'><strong>,</strong></span> <span class='ocrx_word' id='word_1_371' title='bbox 998 4821 1021 4864; x_wconf 86' lang='lat' dir='ltr'><strong>ct</strong></span> <span class='ocrx_word' id='word_1_372' title='bbox 1036 4810 1105 4865; x_wconf 81' lang='lat' dir='ltr'><strong>Deus</strong></span> <span class='ocrx_word' id='word_1_373' title='bbox 1116 4821 1170 4865; x_wconf 83' lang='lat' dir='ltr'><strong>erut</strong></span> 
     </span>
     <span class='ocr_line' id='line_1_48' title="bbox 384 4902 1168 4979; baseline -0.009 -17"><span class='ocrx_word' id='word_1_374' title='bbox 384 4907 492 4963; x_wconf 81' lang='lat' dir='ltr'><strong>Verbum</strong></span> <span class='ocrx_word' id='word_1_375' title='bbox 504 4906 592 4979; x_wconf 78' lang='lat' dir='ltr'><strong>(loun.</strong></span> <span class='ocrx_word' id='word_1_376' title='bbox 609 4923 628 4972; x_wconf 91' lang='lat' dir='ltr'><strong>r,</strong></span> <span class='ocrx_word' id='word_1_377' title='bbox 645 4908 670 4976; x_wconf 83' lang='grc' dir='ltr'><strong>ι)</strong></span> <span class='ocrx_word' id='word_1_378' title='bbox 681 4947 689 4971; x_wconf 90' lang='grc'>,</span> <span class='ocrx_word' id='word_1_379' title='bbox 702 4905 762 4974; x_wconf 92' lang='lat' dir='ltr'><strong>quis</strong></span> <span class='ocrx_word' id='word_1_380' title='bbox 778 4904 938 4959; x_wconf 85' lang='lat' dir='ltr'><strong>christianus</strong></span> <span class='ocrx_word' id='word_1_381' title='bbox 956 4912 1042 4956; x_wconf 86' lang='lat' dir='ltr'><strong>tacere</strong></span> <span class='ocrx_word' id='word_1_382' title='bbox 1063 4902 1168 4971; x_wconf 76' lang='lat' dir='ltr'><strong>potest?</strong></span> 
     </span>
     <span class='ocr_line' id='line_1_49' title="bbox 378 4994 1169 5070; baseline -0.008 -16"><span class='ocrx_word' id='word_1_383' title='bbox 378 5002 438 5070; x_wconf 86' lang='lat' dir='ltr'><strong>quis</strong></span> <span class='ocrx_word' id='word_1_384' title='bbox 446 5013 543 5069; x_wconf 86' lang='lat' dir='ltr'><strong>capere</strong></span> <span class='ocrx_word' id='word_1_385' title='bbox 552 4999 564 5052; x_wconf 84' lang='lat' dir='ltr'><strong>l</strong></span> <span class='ocrx_word' id='word_1_386' title='bbox 573 5006 620 5053; x_wconf 84' lang='lat' dir='ltr'><strong>ant</strong></span> <span class='ocrx_word' id='word_1_387' title='bbox 631 4997 692 5067; x_wconf 89' lang='lat' dir='ltr'><strong>quid</strong></span> <span class='ocrx_word' id='word_1_388' title='bbox 707 4998 733 5052; x_wconf 88' lang='lat' dir='ltr'><strong>in</strong></span> <span class='ocrx_word' id='word_1_389' title='bbox 746 4995 867 5050; x_wconf 87' lang='lat' dir='ltr'><strong>doctrina</strong></span> <span class='ocrx_word' id='word_1_390' title='bbox 879 5010 943 5050; x_wconf 84' lang='lat' dir='ltr'><strong>saun</strong></span> <span class='ocrx_word' id='word_1_391' title='bbox 956 5003 1043 5065; x_wconf 87' lang='lat' dir='ltr'><strong>petest</strong></span> <span class='ocrx_word' id='word_1_392' title='bbox 1058 4994 1169 5048; x_wconf 83' lang='lat' dir='ltr'><strong>inueniri</strong></span> 
     </span>
     <span class='ocr_line' id='line_1_50' title="bbox 378 5088 1169 5161; baseline -0.013 -12"><span class='ocrx_word' id='word_1_393' title='bbox 378 5091 525 5161; x_wconf 70' lang='lat' dir='ltr'><strong>genitumst</strong></span> <span class='ocrx_word' id='word_1_394' title='bbox 537 5089 612 5158; x_wconf 81' lang='lat' dir='ltr'><strong>Quod</strong></span> <span class='ocrx_word' id='word_1_395' title='bbox 627 5100 714 5144; x_wconf 85' lang='lat' dir='ltr'><strong>tamen</strong></span> <span class='ocrx_word' id='word_1_396' title='bbox 724 5098 751 5143; x_wconf 89' lang='lat' dir='ltr'><strong>et</strong></span> <span class='ocrx_word' id='word_1_397' title='bbox 760 5088 876 5158; x_wconf 81' lang='lat' dir='ltr'><strong>paruulis</strong></span> <span class='ocrx_word' id='word_1_398' title='bbox 889 5104 941 5141; x_wconf 92' lang='lat' dir='ltr'><strong>noo</strong></span> <span class='ocrx_word' id='word_1_399' title='bbox 951 5096 1083 5141; x_wconf 85' lang='lat' dir='ltr'><strong>taceturet</strong></span> <span class='ocrx_word' id='word_1_400' title='bbox 1092 5102 1169 5155; x_wconf 79' lang='lat' dir='ltr'><strong>gran-</strong></span> 
     </span>
     <span class='ocr_line' id='line_1_51' title="bbox 319 5176 1169 5254; baseline -0.008 -15"><span class='ocrx_word' id='word_1_401' title='bbox 319 5176 322 5180; x_wconf 72' lang='grc'><strong>’</strong></span> <span class='ocrx_word' id='word_1_402' title='bbox 378 5186 469 5250; x_wconf 87' lang='lat' dir='ltr'><strong>dibus,</strong></span> <span class='ocrx_word' id='word_1_403' title='bbox 484 5199 534 5239; x_wconf 90' lang='lat' dir='ltr'><strong>nce</strong></span> <span class='ocrx_word' id='word_1_404' title='bbox 548 5183 666 5254; x_wconf 84' lang='lat' dir='ltr'><strong>parvulis</strong></span> <span class='ocrx_word' id='word_1_405' title='bbox 677 5181 824 5237; x_wconf 83' lang='lat' dir='ltr'><strong>oeeultatnr</strong></span> <span class='ocrx_word' id='word_1_406' title='bbox 837 5194 851 5232; x_wconf 89' lang='lat' dir='ltr'><strong>a</strong></span> <span class='ocrx_word' id='word_1_407' title='bbox 862 5178 1006 5248; x_wconf 76' lang='lat' dir='ltr'><strong>grandibus</strong></span> <span class='ocrx_word' id='word_1_408' title='bbox 1017 5177 1037 5230; x_wconf 84' lang='lat'><strong>³.</strong></span> <span class='ocrx_word' id='word_1_409' title='bbox 1052 5178 1104 5232; x_wconf 81' lang='lat' dir='ltr'><strong>Sed</strong></span> <span class='ocrx_word' id='word_1_410' title='bbox 1117 5177 1169 5232; x_wconf 87' lang='lat' dir='ltr'><strong>alia</strong></span> 
     </span>
     <span class='ocr_line' id='line_1_52' title="bbox 378 5270 1170 5338; baseline -0.015 -5"><span class='ocrx_word' id='word_1_411' title='bbox 378 5286 422 5333; x_wconf 86' lang='lat' dir='ltr'><strong>est</strong></span> <span class='ocrx_word' id='word_1_412' title='bbox 436 5279 503 5333; x_wconf 88' lang='lat' dir='ltr'><strong>ratio</strong></span> <span class='ocrx_word' id='word_1_413' title='bbox 517 5293 608 5334; x_wconf 83' lang='lat' dir='ltr'><strong>terum</strong></span> <span class='ocrx_word' id='word_1_414' title='bbox 625 5275 738 5338; x_wconf 84' lang='lat' dir='ltr'><strong>tacendi,</strong></span> <span class='ocrx_word' id='word_1_415' title='bbox 755 5273 805 5327; x_wconf 87' lang='lat' dir='ltr'><strong>alia</strong></span> <span class='ocrx_word' id='word_1_416' title='bbox 825 5286 916 5325; x_wconf 80' lang='lat' dir='ltr'><strong>rernm</strong></span> <span class='ocrx_word' id='word_1_417' title='bbox 931 5271 1033 5325; x_wconf 82' lang='lat' dir='ltr'><strong>dicendi</strong></span> <span class='ocrx_word' id='word_1_418' title='bbox 1051 5270 1170 5325; x_wconf 86' lang='lat' dir='ltr'><strong>necessi·</strong></span> 
     </span>
     <span class='ocr_line' id='line_1_53' title="bbox 380 5365 1170 5433; baseline -0.009 -11"><span class='ocrx_word' id='word_1_419' title='bbox 380 5380 431 5423; x_wconf 85' lang='lat' dir='ltr'><strong>tos.</strong></span> <span class='ocrx_word' id='word_1_420' title='bbox 446 5369 546 5424; x_wconf 86' lang='lat' dir='ltr'><strong>Causas</strong></span> <span class='ocrx_word' id='word_1_421' title='bbox 557 5383 648 5423; x_wconf 82' lang='lat' dir='ltr'><strong>rerum</strong></span> <span class='ocrx_word' id='word_1_422' title='bbox 664 5365 767 5420; x_wconf 87' lang='lat' dir='ltr'><strong>tacendi</strong></span> <span class='ocrx_word' id='word_1_423' title='bbox 781 5365 887 5433; x_wconf 67' lang='lat' dir='ltr'><strong>longum</strong></span> <span class='ocrx_word' id='word_1_424' title='bbox 899 5373 1039 5416; x_wconf 84' lang='lat' dir='ltr'><strong>estomncs</strong></span> <span class='ocrx_word' id='word_1_425' title='bbox 1051 5375 1170 5430; x_wconf 70' lang='lat' dir='ltr'><strong>quaerere</strong></span> 
     </span>
     <span class='ocr_line' id='line_1_54' title="bbox 379 5450 1171 5528; baseline -0.01 -15"><span class='ocrx_word' id='word_1_426' title='bbox 379 5460 423 5518; x_wconf 81' lang='lat' dir='ltr'><strong>sul</strong></span> <span class='ocrx_word' id='word_1_427' title='bbox 431 5461 549 5514; x_wconf 85' lang='lat' dir='ltr'><strong>inserere</strong></span> <span class='ocrx_word' id='word_1_428' title='bbox 559 5477 565 5511; x_wconf 78' lang='grc' dir='ltr'>ι</span> <span class='ocrx_word' id='word_1_429' title='bbox 575 5473 687 5528; x_wconf 87' lang='lat' dir='ltr'><strong>quarum</strong></span> <span class='ocrx_word' id='word_1_430' title='bbox 697 5466 785 5510; x_wconf 85' lang='lat' dir='ltr'><strong>tamen</strong></span> <span class='ocrx_word' id='word_1_431' title='bbox 795 5464 836 5508; x_wconf 89' lang='lat' dir='ltr'><strong>est</strong></span> <span class='ocrx_word' id='word_1_432' title='bbox 846 5464 873 5508; x_wconf 90' lang='lat' dir='ltr'><strong>ct</strong></span> <span class='ocrx_word' id='word_1_433' title='bbox 884 5452 940 5506; x_wconf 81' lang='lat' dir='ltr'><strong>lucc</strong></span> <span class='ocrx_word' id='word_1_434' title='bbox 948 5466 1009 5518; x_wconf 80' lang='lat' dir='ltr'><strong>nort,</strong></span> <span class='ocrx_word' id='word_1_435' title='bbox 1023 5465 1056 5505; x_wconf 91' lang='lat' dir='ltr'><strong>nc</strong></span> <span class='ocrx_word' id='word_1_436' title='bbox 1066 5450 1171 5520; x_wconf 87' lang='lat' dir='ltr'><strong>pejores</strong></span> 
     </span>
    </p>
   </div>
   <div class='ocr_carea' id='block_1_3' title="bbox 413 5648 1170 5717">
    <p class='ocr_par' dir='ltr' id='par_1_5' title="bbox 413 5648 1170 5717">
     <span class='ocr_line' id='line_1_55' title="bbox 413 5648 1170 5717; baseline -0.011 -14"><span class='ocrx_word' id='word_1_437' title='bbox 413 5657 421 5688; x_wconf 78' lang='lat'><strong>¹</strong></span> <span class='ocrx_word' id='word_1_438' title='bbox 439 5654 513 5714; x_wconf 66' lang='lat' dir='ltr'><strong>aliti,</strong></span> <span class='ocrx_word' id='word_1_439' title='bbox 533 5657 631 5717; x_wconf 87' lang='lat' dir='ltr'><strong>prepter</strong></span> <span class='ocrx_word' id='word_1_440' title='bbox 652 5648 791 5713; x_wconf 80' lang='lat' dir='ltr'><strong>ltnjurntedi</strong></span> <span class='ocrx_word' id='word_1_441' title='bbox 809 5661 903 5700; x_wconf 78' lang='lat' dir='ltr'><strong>cutum.</strong></span> <span class='ocrx_word' id='word_1_442' title='bbox 921 5652 1170 5708; x_wconf 69' lang='lat' dir='ltr'><strong>omoespropettss,</strong></span> 
     </span>
    </p>
   </div>
   <div class='ocr_carea' id='block_1_4' title="bbox 378 5715 1169 5833">
    <p class='ocr_par' dir='ltr' id='par_1_6' title="bbox 378 5715 1169 5833">
     <span class='ocr_line' id='line_1_56' title="bbox 378 5715 1169 5833; baseline -0.011 -6"><span class='ocrx_word' id='word_1_443' title='bbox 378 5715 504 5833; x_wconf 37' lang='lat' dir='ltr'><strong>mium..</strong></span> <span class='ocrx_word' id='word_1_444' title='bbox 519 5785 569 5824; x_wconf 87' lang='lat' dir='ltr'><strong>rme</strong></span> <span class='ocrx_word' id='word_1_445' title='bbox 577 5788 630 5824; x_wconf 87' lang='lat' dir='ltr'><strong>cum</strong></span> <span class='ocrx_word' id='word_1_446' title='bbox 639 5778 727 5824; x_wconf 70' lang='lat' dir='ltr'><strong>condet</strong></span> <span class='ocrx_word' id='word_1_447' title='bbox 739 5781 816 5823; x_wconf 82' lang='lat' dir='ltr'><strong>Deum</strong></span> <span class='ocrx_word' id='word_1_448' title='bbox 826 5771 875 5821; x_wconf 86' lang='lat' dir='ltr'><strong>ulit</strong></span> <span class='ocrx_word' id='word_1_449' title='bbox 891 5770 963 5819; x_wconf 77' lang='lat' dir='ltr'><strong>otium</strong></span> <span class='ocrx_word' id='word_1_450' title='bbox 974 5781 1020 5818; x_wconf 84' lang='lat' dir='ltr'><strong>noo</strong></span> <span class='ocrx_word' id='word_1_451' title='bbox 1031 5766 1169 5827; x_wconf 71' lang='lat' dir='ltr'><strong>nimitum,</strong></span> 
     </span>
    </p>
   </div>
   <div class='ocr_carea' id='block_1_5' title="bbox 379 5830 1171 6076">
    <p class='ocr_par' dir='ltr' id='par_1_7' title="bbox 379 5830 1171 6076">
     <span class='ocr_line' id='line_1_57' title="bbox 379 5830 1171 5901; baseline -0.015 -11"><span class='ocrx_word' id='word_1_452' title='bbox 379 5841 479 5898; x_wconf 74' lang='lat' dir='ltr'><strong>misisse,</strong></span> <span class='ocrx_word' id='word_1_453' title='bbox 492 5836 583 5896; x_wconf 70' lang='lat' dir='ltr'><strong>dmdu,</strong></span> <span class='ocrx_word' id='word_1_454' title='bbox 595 5837 660 5901; x_wconf 89' lang='lat' dir='ltr'><strong>quod</strong></span> <span class='ocrx_word' id='word_1_455' title='bbox 675 5841 776 5884; x_wconf 82' lang='lat' dir='ltr'><strong>rortrttm</strong></span> <span class='ocrx_word' id='word_1_456' title='bbox 788 5836 812 5883; x_wconf 92' lang='lat' dir='ltr'><strong>iu</strong></span> <span class='ocrx_word' id='word_1_457' title='bbox 824 5836 896 5884; x_wconf 84' lang='lat' dir='ltr'><strong>editis</strong></span> <span class='ocrx_word' id='word_1_458' title='bbox 905 5832 959 5881; x_wconf 84' lang='lat' dir='ltr'><strong>altis</strong></span> <span class='ocrx_word' id='word_1_459' title='bbox 971 5839 997 5881; x_wconf 88' lang='lat' dir='ltr'><strong>et</strong></span> <span class='ocrx_word' id='word_1_460' title='bbox 1004 5830 1171 5892; x_wconf 83' lang='lat' dir='ltr'><strong>manuscriptis</strong></span> 
     </span>
     <span class='ocr_line' id='line_1_58' title="bbox 381 5909 1169 6018; baseline -0.009 -10"><span class='ocrx_word' id='word_1_461' title='bbox 381 5909 474 6009; x_wconf 39' lang='lat' dir='ltr'><strong>tenth:</strong></span> <span class='ocrx_word' id='word_1_462' title='bbox 485 5967 538 6009; x_wconf 83' lang='lat' dir='ltr'><strong>ttss.</strong></span> <span class='ocrx_word' id='word_1_463' title='bbox 553 5967 579 6007; x_wconf 87' lang='grc' dir='ltr'><strong>ιι</strong></span> <span class='ocrx_word' id='word_1_464' title='bbox 590 5960 689 6016; x_wconf 63' lang='lat' dir='ltr'><strong>cultim</strong></span> <span class='ocrx_word' id='word_1_465' title='bbox 701 5956 858 6018; x_wconf 70' lang='lat' dir='ltr'><strong>portori-noo</strong></span> <span class='ocrx_word' id='word_1_466' title='bbox 872 5961 974 6014; x_wconf 67' lang='lat' dir='ltr'><strong>torono.</strong></span> <span class='ocrx_word' id='word_1_467' title='bbox 988 5960 1059 6005; x_wconf 77' lang='lat' dir='ltr'><strong>iliter</strong></span> <span class='ocrx_word' id='word_1_468' title='bbox 1070 5950 1169 6015; x_wconf 81' lang='lat' dir='ltr'><strong>qrunoi-</strong></span> 
     </span>
     <span class='ocr_line' id='line_1_59' title="bbox 381 6020 753 6076; baseline -0.019 -3"><span class='ocrx_word' id='word_1_469' title='bbox 381 6023 426 6074; x_wconf 78' lang='lat' dir='ltr'><strong>lto</strong></span> <span class='ocrx_word' id='word_1_470' title='bbox 438 6036 479 6073; x_wconf 81' lang='lat' dir='ltr'><strong>:tut</strong></span> <span class='ocrx_word' id='word_1_471' title='bbox 489 6021 594 6076; x_wconf 80' lang='lat' dir='ltr'><strong>rorantis</strong></span> <span class='ocrx_word' id='word_1_472' title='bbox 612 6020 753 6070; x_wconf 66' lang='lat' dir='ltr'><strong>ora-nitatur.</strong></span> 
     </span>
    </p>
   </div>
   <div class='ocr_carea' id='block_1_6' title="bbox 914 594 1515 663">
    <p class='ocr_par' dir='ltr' id='par_1_8' title="bbox 914 594 1515 663">
     <span class='ocr_line' id='line_1_60' title="bbox 914 594 1515 663; baseline -0.005 -1"><span class='ocrx_word' id='word_1_473' title='bbox 914 594 1014 662; x_wconf 71' lang='lat' dir='ltr'><strong>mett</strong></span> <span class='ocrx_word' id='word_1_474' title='bbox 1033 603 1077 657; x_wconf 79' lang='lat' dir='ltr'><strong>tte</strong></span> <span class='ocrx_word' id='word_1_475' title='bbox 1098 601 1186 657; x_wconf 67' lang='lat' dir='ltr'><strong>ttdrlo</strong></span> <span class='ocrx_word' id='word_1_476' title='bbox 1205 602 1515 663; x_wconf 76' lang='lat' dir='ltr'><strong>Pbttstsvstttttrtlc.</strong></span> 
     </span>
    </p>
   </div>
   <div class='ocr_carea' id='block_1_7' title="bbox 1949 616 2021 673">
    <p class='ocr_par' dir='ltr' id='par_1_9' title="bbox 1949 616 2021 673">
     <span class='ocr_line' id='line_1_61' title="bbox 1949 616 2021 673; baseline 0.014 -1"><span class='ocrx_word' id='word_1_477' title='bbox 1949 616 2021 673; x_wconf 74' lang='lat' dir='ltr'><strong>idl8</strong></span> 
     </span>
    </p>
   </div>
   <div class='ocr_carea' id='block_1_8' title="bbox 1220 719 2020 3338">
    <p class='ocr_par' dir='ltr' id='par_1_10' title="bbox 1222 719 2020 2502">
     <span class='ocr_line' id='line_1_62' title="bbox 1231 719 2020 799; baseline 0.016 -28"><span class='ocrx_word' id='word_1_478' title='bbox 1231 719 1357 775; x_wconf 82' lang='lat' dir='ltr'><strong>lacitttrtus</strong></span> <span class='ocrx_word' id='word_1_479' title='bbox 1368 735 1415 775; x_wconf 88' lang='lat' dir='ltr'><strong>eos</strong></span> <span class='ocrx_word' id='word_1_480' title='bbox 1431 722 1475 791; x_wconf 90' lang='lat' dir='ltr'><strong>qui</strong></span> <span class='ocrx_word' id='word_1_481' title='bbox 1488 736 1540 775; x_wconf 87' lang='lat' dir='ltr'><strong>nen</strong></span> <span class='ocrx_word' id='word_1_482' title='bbox 1555 720 1711 792; x_wconf 76' lang='lat' dir='ltr'><strong>intelligunt,</strong></span> <span class='ocrx_word' id='word_1_483' title='bbox 1720 721 1784 779; x_wconf 78' lang='lat' dir='ltr'><strong>dum</strong></span> <span class='ocrx_word' id='word_1_484' title='bbox 1790 726 2020 799; x_wconf 67' lang='lat' dir='ltr'><strong>rumoremque</strong></span> 
     </span>
     <span class='ocr_line' id='line_1_63' title="bbox 1229 809 2018 884; baseline 0.018 -23"><span class='ocrx_word' id='word_1_485' title='bbox 1229 809 2018 884; x_wconf 78' lang='lat' dir='ltr'><strong>intelliquotlaceredoctiores;quinobisaliqnidtaletaceo·</strong></span> 
     </span>
     <span class='ocr_line' id='line_1_64' title="bbox 1228 901 2017 977; baseline 0.014 -23"><span class='ocrx_word' id='word_1_486' title='bbox 1228 901 1298 956; x_wconf 84' lang='lat' dir='ltr'><strong>tibus</strong></span> <span class='ocrx_word' id='word_1_487' title='bbox 1308 901 1554 971; x_wconf 80' lang='lat' dir='ltr'><strong>doctior-esquidem</strong></span> <span class='ocrx_word' id='word_1_488' title='bbox 1563 921 1615 958; x_wconf 92' lang='lat' dir='ltr'><strong>noo</strong></span> <span class='ocrx_word' id='word_1_489' title='bbox 1624 906 1746 969; x_wconf 67' lang='lat' dir='ltr'><strong>benesed</strong></span> <span class='ocrx_word' id='word_1_490' title='bbox 1755 922 1804 962; x_wconf 87' lang='lat' dir='ltr'><strong>nec</strong></span> <span class='ocrx_word' id='word_1_491' title='bbox 1819 909 1923 977; x_wconf 81' lang='lat' dir='ltr'><strong>pejores</strong></span> <span class='ocrx_word' id='word_1_492' title='bbox 1938 909 2017 967; x_wconf 85' lang='lat' dir='ltr'><strong>liunt.</strong></span> 
     </span>
     <span class='ocr_line' id='line_1_65' title="bbox 1227 993 2014 1068; baseline 0.014 -22"><span class='ocrx_word' id='word_1_493' title='bbox 1227 993 1385 1048; x_wconf 85' lang='lat' dir='ltr'><strong>Cumautem</strong></span> <span class='ocrx_word' id='word_1_494' title='bbox 1397 1010 1440 1049; x_wconf 85' lang='lat' dir='ltr'><strong>res</strong></span> <span class='ocrx_word' id='word_1_495' title='bbox 1452 1010 1513 1048; x_wconf 86' lang='lat' dir='ltr'><strong>vera</strong></span> <span class='ocrx_word' id='word_1_496' title='bbox 1522 996 1592 1051; x_wconf 85' lang='lat' dir='ltr'><strong>itase</strong></span> <span class='ocrx_word' id='word_1_497' title='bbox 1601 998 1690 1063; x_wconf 88' lang='lat' dir='ltr'><strong>babet,</strong></span> <span class='ocrx_word' id='word_1_498' title='bbox 1698 998 1779 1053; x_wconf 82' lang='lat' dir='ltr'><strong>utbat</strong></span> <span class='ocrx_word' id='word_1_499' title='bbox 1788 1001 1860 1068; x_wconf 84' lang='lat' dir='ltr'><strong>pejor</strong></span> <span class='ocrx_word' id='word_1_500' title='bbox 1869 1001 1945 1056; x_wconf 88' lang='lat' dir='ltr'><strong>nobis</strong></span> <span class='ocrx_word' id='word_1_501' title='bbox 1954 1017 2014 1058; x_wconf 84' lang='lat' dir='ltr'><strong>earu</strong></span> 
     </span>
     <span class='ocr_line' id='line_1_66' title="bbox 1226 1083 2019 1157; baseline 0.014 -21"><span class='ocrx_word' id='word_1_502' title='bbox 1226 1083 1385 1149; x_wconf 83' lang='lat' dir='ltr'><strong>dicentibus,</strong></span> <span class='ocrx_word' id='word_1_503' title='bbox 1399 1085 1442 1140; x_wconf 89' lang='lat' dir='ltr'><strong>illc</strong></span> <span class='ocrx_word' id='word_1_504' title='bbox 1455 1087 1499 1155; x_wconf 90' lang='lat' dir='ltr'><strong>qni</strong></span> <span class='ocrx_word' id='word_1_505' title='bbox 1519 1101 1615 1155; x_wconf 84' lang='lat' dir='ltr'><strong>capere</strong></span> <span class='ocrx_word' id='word_1_506' title='bbox 1632 1103 1684 1141; x_wconf 91' lang='lat' dir='ltr'><strong>oon</strong></span> <span class='ocrx_word' id='word_1_507' title='bbox 1701 1099 1808 1157; x_wconf 76' lang='lat' dir='ltr'><strong>potest,</strong></span> <span class='ocrx_word' id='word_1_508' title='bbox 1831 1091 1909 1144; x_wconf 90' lang='lat' dir='ltr'><strong>nobis</strong></span> <span class='ocrx_word' id='word_1_509' title='bbox 1927 1099 2019 1147; x_wconf 86' lang='lat' dir='ltr'><strong>autem</strong></span> 
     </span>
     <span class='ocr_line' id='line_1_67' title="bbox 1228 1175 2014 1245; baseline 0.009 -18"><span class='ocrx_word' id='word_1_510' title='bbox 1228 1175 1382 1239; x_wconf 85' lang='lat' dir='ltr'><strong>tacentibus,</strong></span> <span class='ocrx_word' id='word_1_511' title='bbox 1393 1175 1437 1230; x_wconf 89' lang='lat' dir='ltr'><strong>ille</strong></span> <span class='ocrx_word' id='word_1_512' title='bbox 1447 1176 1492 1245; x_wconf 93' lang='lat' dir='ltr'><strong>qui</strong></span> <span class='ocrx_word' id='word_1_513' title='bbox 1505 1186 1591 1244; x_wconf 89' lang='lat' dir='ltr'><strong>potest</strong></span> <span class='ocrx_word' id='word_1_514' title='bbox 1604 1194 1611 1230; x_wconf 78' lang='lat' dir='ltr'><strong>t</strong></span> <span class='ocrx_word' id='word_1_515' title='bbox 1626 1177 1688 1245; x_wconf 92' lang='lat' dir='ltr'><strong>qnid</strong></span> <span class='ocrx_word' id='word_1_516' title='bbox 1703 1188 1825 1245; x_wconf 88' lang='lat' dir='ltr'><strong>putamus</strong></span> <span class='ocrx_word' id='word_1_517' title='bbox 1839 1194 1898 1234; x_wconf 80' lang='lat' dir='ltr'><strong>esse</strong></span> <span class='ocrx_word' id='word_1_518' title='bbox 1912 1178 2014 1234; x_wconf 80' lang='lat' dir='ltr'><strong>lucien-</strong></span> 
     </span>
     <span class='ocr_line' id='line_1_68' title="bbox 1226 1267 2016 1340; baseline 0.006 -20"><span class='ocrx_word' id='word_1_519' title='bbox 1226 1267 1309 1321; x_wconf 82' lang='lat' dir='ltr'><strong>dum?</strong></span> <span class='ocrx_word' id='word_1_520' title='bbox 1320 1267 1412 1322; x_wconf 86' lang='lat' dir='ltr'><strong>Nonne</strong></span> <span class='ocrx_word' id='word_1_521' title='bbox 1425 1270 1512 1338; x_wconf 89' lang='lat' dir='ltr'><strong>potius</strong></span> <span class='ocrx_word' id='word_1_522' title='bbox 1526 1277 1566 1324; x_wconf 89' lang='lat' dir='ltr'><strong>est</strong></span> <span class='ocrx_word' id='word_1_523' title='bbox 1578 1269 1718 1323; x_wconf 88' lang='lat' dir='ltr'><strong>dicendum</strong></span> <span class='ocrx_word' id='word_1_524' title='bbox 1733 1287 1841 1335; x_wconf 78' lang='lat' dir='ltr'><strong>renato,</strong></span> <span class='ocrx_word' id='word_1_525' title='bbox 1854 1281 1883 1324; x_wconf 88' lang='lat' dir='ltr'><strong>ut</strong></span> <span class='ocrx_word' id='word_1_526' title='bbox 1896 1272 1941 1340; x_wconf 91' lang='lat' dir='ltr'><strong>qui</strong></span> <span class='ocrx_word' id='word_1_527' title='bbox 1966 1287 2016 1340; x_wconf 88' lang='lat' dir='ltr'><strong>po·</strong></span> 
     </span>
     <span class='ocr_line' id='line_1_69' title="bbox 1227 1360 2017 1428; baseline 0.006 -17"><span class='ocrx_word' id='word_1_528' title='bbox 1227 1366 1279 1412; x_wconf 87' lang='lat' dir='ltr'><strong>test</strong></span> <span class='ocrx_word' id='word_1_529' title='bbox 1295 1373 1391 1427; x_wconf 86' lang='lat' dir='ltr'><strong>capere</strong></span> <span class='ocrx_word' id='word_1_530' title='bbox 1405 1360 1509 1427; x_wconf 79' lang='lat' dir='ltr'><strong>capiat3</strong></span> <span class='ocrx_word' id='word_1_531' title='bbox 1529 1375 1608 1428; x_wconf 90' lang='lat' dir='ltr'><strong>qnam</strong></span> <span class='ocrx_word' id='word_1_532' title='bbox 1630 1361 1781 1426; x_wconf 85' lang='lat' dir='ltr'><strong>tacendum,</strong></span> <span class='ocrx_word' id='word_1_533' title='bbox 1803 1371 1831 1414; x_wconf 92' lang='grc' dir='ltr'><strong>ιιι</strong></span> <span class='ocrx_word' id='word_1_534' title='bbox 1853 1376 1905 1414; x_wconf 89' lang='grc' dir='ltr'>ιιοιι</span> <span class='ocrx_word' id='word_1_535' title='bbox 1929 1363 2017 1416; x_wconf 87' lang='lat' dir='ltr'><strong>selum</strong></span> 
     </span>
     <span class='ocr_line' id='line_1_70' title="bbox 1226 1447 2014 1519; baseline 0.001 -16"><span class='ocrx_word' id='word_1_536' title='bbox 1226 1447 1253 1503; x_wconf 86' lang='lat' dir='ltr'><strong>id</strong></span> <span class='ocrx_word' id='word_1_537' title='bbox 1263 1449 1342 1503; x_wconf 85' lang='lat' dir='ltr'><strong>aurbu</strong></span> <span class='ocrx_word' id='word_1_538' title='bbox 1357 1466 1409 1504; x_wconf 90' lang='lat' dir='ltr'><strong>uuo</strong></span> <span class='ocrx_word' id='word_1_539' title='bbox 1424 1452 1539 1518; x_wconf 81' lang='lat' dir='ltr'><strong>capiant,</strong></span> <span class='ocrx_word' id='word_1_540' title='bbox 1555 1466 1643 1504; x_wconf 82' lang='lat' dir='ltr'><strong>terrim</strong></span> <span class='ocrx_word' id='word_1_541' title='bbox 1656 1450 1736 1504; x_wconf 82' lang='lat' dir='ltr'><strong>etium</strong></span> <span class='ocrx_word' id='word_1_542' title='bbox 1750 1451 1793 1519; x_wconf 91' lang='lat' dir='ltr'><strong>qui</strong></span> <span class='ocrx_word' id='word_1_543' title='bbox 1807 1459 1849 1505; x_wconf 88' lang='lat' dir='ltr'><strong>est</strong></span> <span class='ocrx_word' id='word_1_544' title='bbox 1863 1451 2014 1519; x_wconf 82' lang='lat' dir='ltr'><strong>intelligen-</strong></span> 
     </span>
     <span class='ocr_line' id='line_1_71' title="bbox 1227 1540 2015 1611; baseline 0.003 -18"><span class='ocrx_word' id='word_1_545' title='bbox 1227 1541 1286 1605; x_wconf 88' lang='lat' dir='ltr'><strong>tior,</strong></span> <span class='ocrx_word' id='word_1_546' title='bbox 1298 1542 1354 1611; x_wconf 82' lang='lat' dir='ltr'><strong>ipse</strong></span> <span class='ocrx_word' id='word_1_547' title='bbox 1364 1543 1398 1595; x_wconf 92' lang='lat' dir='ltr'><strong>sit</strong></span> <span class='ocrx_word' id='word_1_548' title='bbox 1408 1542 1500 1610; x_wconf 76' lang='lat' dir='ltr'><strong>pejor?</strong></span> <span class='ocrx_word' id='word_1_549' title='bbox 1513 1540 1591 1607; x_wconf 83' lang='lat' dir='ltr'><strong>Qnisi</strong></span> <span class='ocrx_word' id='word_1_550' title='bbox 1601 1540 1706 1594; x_wconf 87' lang='lat' dir='ltr'><strong>audiret</strong></span> <span class='ocrx_word' id='word_1_551' title='bbox 1718 1551 1745 1594; x_wconf 91' lang='lat' dir='ltr'><strong>et</strong></span> <span class='ocrx_word' id='word_1_552' title='bbox 1757 1548 1873 1608; x_wconf 85' lang='lat' dir='ltr'><strong>caperet,</strong></span> <span class='ocrx_word' id='word_1_553' title='bbox 1887 1558 1933 1608; x_wconf 88' lang='lat' dir='ltr'><strong>per</strong></span> <span class='ocrx_word' id='word_1_554' title='bbox 1942 1542 2015 1595; x_wconf 88' lang='lat' dir='ltr'><strong>ilium</strong></span> 
     </span>
     <span class='ocr_line' id='line_1_72' title="bbox 1225 1632 2016 1703; baseline -0.001 -16"><span class='ocrx_word' id='word_1_555' title='bbox 1225 1634 1304 1688; x_wconf 85' lang='lat' dir='ltr'><strong>etiam</strong></span> <span class='ocrx_word' id='word_1_556' title='bbox 1331 1634 1420 1703; x_wconf 90' lang='lat' dir='ltr'><strong>plores</strong></span> <span class='ocrx_word' id='word_1_557' title='bbox 1439 1633 1581 1687; x_wconf 87' lang='lat' dir='ltr'><strong>discerent.</strong></span> <span class='ocrx_word' id='word_1_558' title='bbox 1605 1632 1664 1699; x_wconf 76' lang='lat' dir='ltr'><strong>Quo</strong></span> <span class='ocrx_word' id='word_1_559' title='bbox 1682 1633 1753 1685; x_wconf 87' lang='lat' dir='ltr'><strong>euim</strong></span> <span class='ocrx_word' id='word_1_560' title='bbox 1778 1643 1819 1686; x_wconf 91' lang='lat' dir='ltr'><strong>est</strong></span> <span class='ocrx_word' id='word_1_561' title='bbox 1843 1632 1966 1700; x_wconf 75' lang='lat' dir='ltr'><strong>capacior</strong></span> <span class='ocrx_word' id='word_1_562' title='bbox 1987 1640 2016 1686; x_wconf 92' lang='grc' dir='ltr'><strong>ιιι</strong></span> 
     </span>
     <span class='ocr_line' id='line_1_73' title="bbox 1225 1723 2015 1794; baseline -0.001 -14"><span class='ocrx_word' id='word_1_563' title='bbox 1225 1727 1319 1790; x_wconf 83' lang='lat' dir='ltr'><strong>discat,</strong></span> <span class='ocrx_word' id='word_1_564' title='bbox 1331 1741 1363 1779; x_wconf 91' lang='lat' dir='ltr'><strong>co</strong></span> <span class='ocrx_word' id='word_1_565' title='bbox 1377 1727 1461 1794; x_wconf 79' lang='lat' dir='ltr'><strong>magis</strong></span> <span class='ocrx_word' id='word_1_566' title='bbox 1472 1735 1514 1779; x_wconf 86' lang='lat' dir='ltr'><strong>cst</strong></span> <span class='ocrx_word' id='word_1_567' title='bbox 1535 1726 1646 1779; x_wconf 90' lang='lat' dir='ltr'><strong>idoneus</strong></span> <span class='ocrx_word' id='word_1_568' title='bbox 1664 1734 1693 1778; x_wconf 92' lang='lat' dir='ltr'><strong>ut</strong></span> <span class='ocrx_word' id='word_1_569' title='bbox 1711 1724 1777 1778; x_wconf 87' lang='lat' dir='ltr'><strong>alios</strong></span> <span class='ocrx_word' id='word_1_570' title='bbox 1801 1723 1907 1779; x_wconf 87' lang='lat' dir='ltr'><strong>tloeeat.</strong></span> <span class='ocrx_word' id='word_1_571' title='bbox 1932 1724 2015 1779; x_wconf 87' lang='lat' dir='ltr'><strong>instat</strong></span> 
     </span>
     <span class='ocr_line' id='line_1_74' title="bbox 1225 1814 2014 1886; baseline -0.005 -15"><span class='ocrx_word' id='word_1_572' title='bbox 1225 1817 1457 1886; x_wconf 73' lang='lat' dir='ltr'><strong>inimicusgratirn,</strong></span> <span class='ocrx_word' id='word_1_573' title='bbox 1470 1826 1549 1884; x_wconf 86' lang='lat' dir='ltr'><strong>atquc</strong></span> <span class='ocrx_word' id='word_1_574' title='bbox 1566 1825 1641 1885; x_wconf 81' lang='lat' dir='ltr'><strong>urget</strong></span> <span class='ocrx_word' id='word_1_575' title='bbox 1656 1814 1742 1868; x_wconf 88' lang='lat' dir='ltr'><strong>modis</strong></span> <span class='ocrx_word' id='word_1_576' title='bbox 1754 1816 1885 1878; x_wconf 87' lang='lat' dir='ltr'><strong>entnibus,</strong></span> <span class='ocrx_word' id='word_1_577' title='bbox 1907 1823 1935 1869; x_wconf 92' lang='lat' dir='ltr'><strong>nt</strong></span> <span class='ocrx_word' id='word_1_578' title='bbox 1954 1830 2014 1869; x_wconf 86' lang='lat' dir='ltr'><strong>cre·</strong></span> 
     </span>
     <span class='ocr_line' id='line_1_75' title="bbox 1224 1905 2011 1974; baseline -0.003 -14"><span class='ocrx_word' id='word_1_579' title='bbox 1224 1906 1303 1960; x_wconf 82' lang='lat' dir='ltr'><strong>datur</strong></span> <span class='ocrx_word' id='word_1_580' title='bbox 1315 1906 1459 1961; x_wconf 90' lang='lat' dir='ltr'><strong>secundum</strong></span> <span class='ocrx_word' id='word_1_581' title='bbox 1474 1907 1565 1959; x_wconf 90' lang='lat' dir='ltr'><strong>merita</strong></span> <span class='ocrx_word' id='word_1_582' title='bbox 1581 1915 1671 1960; x_wconf 88' lang='lat' dir='ltr'><strong>nostra</strong></span> <span class='ocrx_word' id='word_1_583' title='bbox 1682 1905 1749 1968; x_wconf 80' lang='lat' dir='ltr'><strong>dari,</strong></span> <span class='ocrx_word' id='word_1_584' title='bbox 1763 1920 1794 1959; x_wconf 83' lang='lat' dir='ltr'><strong>ae</strong></span> <span class='ocrx_word' id='word_1_585' title='bbox 1804 1906 1843 1960; x_wconf 89' lang='lat' dir='ltr'><strong>sie</strong></span> <span class='ocrx_word' id='word_1_586' title='bbox 1855 1905 1938 1974; x_wconf 79' lang='lat' dir='ltr'><strong>qratia</strong></span> <span class='ocrx_word' id='word_1_587' title='bbox 1956 1906 2011 1972; x_wconf 80' lang='lat' dir='ltr'><strong>jam</strong></span> 
     </span>
     <span class='ocr_line' id='line_1_76' title="bbox 1225 1993 2014 2066; baseline -0.004 -16"><span class='ocrx_word' id='word_1_588' title='bbox 1225 2013 1278 2051; x_wconf 89' lang='lat' dir='ltr'><strong>non</strong></span> <span class='ocrx_word' id='word_1_589' title='bbox 1290 1998 1324 2051; x_wconf 87' lang='lat' dir='ltr'><strong>sit</strong></span> <span class='ocrx_word' id='word_1_590' title='bbox 1340 1997 1423 2066; x_wconf 79' lang='lat' dir='ltr'><strong>gratia</strong></span> <span class='ocrx_word' id='word_1_591' title='bbox 1438 1996 1524 2066; x_wconf 75' lang='grc' dir='ltr'>(Ιιοιιι.</span> <span class='ocrx_word' id='word_1_592' title='bbox 1541 2012 1580 2059; x_wconf 88' lang='lat' dir='ltr'><strong>xt,</strong></span> <span class='ocrx_word' id='word_1_593' title='bbox 1603 1994 1630 2065; x_wconf 83' lang='lat' dir='ltr'><strong>ii)</strong></span> <span class='ocrx_word' id='word_1_594' title='bbox 1644 2013 1650 2049; x_wconf 89' lang='lat'>:</span> <span class='ocrx_word' id='word_1_595' title='bbox 1665 2003 1693 2049; x_wconf 89' lang='lat' dir='ltr'><strong>ct</strong></span> <span class='ocrx_word' id='word_1_596' title='bbox 1710 2010 1759 2050; x_wconf 93' lang='lat' dir='ltr'><strong>nus</strong></span> <span class='ocrx_word' id='word_1_597' title='bbox 1773 1994 1896 2048; x_wconf 88' lang='lat' dir='ltr'><strong>nolumus</strong></span> <span class='ocrx_word' id='word_1_598' title='bbox 1909 1993 2014 2056; x_wconf 75' lang='lat' dir='ltr'><strong>dicere,</strong></span> 
     </span>
     <span class='ocr_line' id='line_1_77' title="bbox 1223 2085 2010 2157; baseline -0.001 -18"><span class='ocrx_word' id='word_1_599' title='bbox 1223 2088 1294 2157; x_wconf 90' lang='lat' dir='ltr'><strong>qnod</strong></span> <span class='ocrx_word' id='word_1_600' title='bbox 1310 2099 1377 2143; x_wconf 88' lang='lat' dir='ltr'><strong>teste</strong></span> <span class='ocrx_word' id='word_1_601' title='bbox 1389 2088 1524 2155; x_wconf 81' lang='lat' dir='ltr'><strong>Scriptura</strong></span> <span class='ocrx_word' id='word_1_602' title='bbox 1539 2101 1679 2155; x_wconf 88' lang='lat' dir='ltr'><strong>possumus</strong></span> <span class='ocrx_word' id='word_1_603' title='bbox 1689 2086 1929 2140; x_wconf 79' lang='lat' dir='ltr'><strong>dicereltimemus</strong></span> <span class='ocrx_word' id='word_1_604' title='bbox 1939 2085 2010 2139; x_wconf 91' lang='lat' dir='ltr'><strong>enim</strong></span> 
     </span>
     <span class='ocr_line' id='line_1_78' title="bbox 1222 2176 2012 2246; baseline 0 -16"><span class='ocrx_word' id='word_1_605' title='bbox 1222 2179 1356 2244; x_wconf 73' lang='lat' dir='ltr'><strong>uidelicet,</strong></span> <span class='ocrx_word' id='word_1_606' title='bbox 1368 2193 1401 2231; x_wconf 90' lang='lat' dir='ltr'><strong>nc</strong></span> <span class='ocrx_word' id='word_1_607' title='bbox 1413 2178 1581 2246; x_wconf 80' lang='lat' dir='ltr'><strong>loquentibus</strong></span> <span class='ocrx_word' id='word_1_608' title='bbox 1592 2178 1668 2231; x_wconf 90' lang='lat' dir='ltr'><strong>nobis</strong></span> <span class='ocrx_word' id='word_1_609' title='bbox 1682 2176 1839 2239; x_wconf 85' lang='lat' dir='ltr'><strong>ollendatnr.</strong></span> <span class='ocrx_word' id='word_1_610' title='bbox 1853 2177 1898 2246; x_wconf 80' lang='lat' dir='ltr'><strong>qni</strong></span> <span class='ocrx_word' id='word_1_611' title='bbox 1914 2176 2012 2230; x_wconf 78' lang='lat' dir='ltr'><strong>scrita·</strong></span> 
     </span>
     <span class='ocr_line' id='line_1_79' title="bbox 1224 2267 2015 2338; baseline -0.001 -16"><span class='ocrx_word' id='word_1_612' title='bbox 1224 2277 1276 2322; x_wconf 92' lang='lat' dir='ltr'><strong>tem</strong></span> <span class='ocrx_word' id='word_1_613' title='bbox 1288 2284 1339 2322; x_wconf 91' lang='lat' dir='ltr'><strong>noo</strong></span> <span class='ocrx_word' id='word_1_614' title='bbox 1351 2277 1558 2338; x_wconf 76' lang='lat' dir='ltr'><strong>potcst,eapet·e;</strong></span> <span class='ocrx_word' id='word_1_615' title='bbox 1571 2276 1660 2321; x_wconf 84' lang='lat' dir='ltr'><strong>elnon</strong></span> <span class='ocrx_word' id='word_1_616' title='bbox 1672 2269 1804 2333; x_wconf 85' lang='lat' dir='ltr'><strong>timemus,</strong></span> <span class='ocrx_word' id='word_1_617' title='bbox 1817 2283 1851 2321; x_wconf 86' lang='lat' dir='ltr'><strong>ne</strong></span> <span class='ocrx_word' id='word_1_618' title='bbox 1865 2267 2015 2321; x_wconf 83' lang='lat' dir='ltr'><strong>tacentibus</strong></span> 
     </span>
     <span class='ocr_line' id='line_1_80' title="bbox 1223 2357 2011 2428; baseline -0.001 -16"><span class='ocrx_word' id='word_1_619' title='bbox 1223 2359 1309 2424; x_wconf 90' lang='lat' dir='ltr'><strong>nobis,</strong></span> <span class='ocrx_word' id='word_1_620' title='bbox 1321 2360 1366 2428; x_wconf 90' lang='lat' dir='ltr'><strong>qni</strong></span> <span class='ocrx_word' id='word_1_621' title='bbox 1377 2359 1513 2413; x_wconf 80' lang='lat' dir='ltr'><strong>ueritatem</strong></span> <span class='ocrx_word' id='word_1_622' title='bbox 1541 2369 1627 2428; x_wconf 74' lang='lat' dir='ltr'><strong>potest</strong></span> <span class='ocrx_word' id='word_1_623' title='bbox 1651 2373 1756 2428; x_wconf 87' lang='lat' dir='ltr'><strong>capere,</strong></span> <span class='ocrx_word' id='word_1_624' title='bbox 1779 2358 1894 2412; x_wconf 86' lang='lat' dir='ltr'><strong>lulsitate</strong></span> <span class='ocrx_word' id='word_1_625' title='bbox 1920 2357 2011 2426; x_wconf 78' lang='lat' dir='ltr'><strong>copia·</strong></span> 
     </span>
     <span class='ocr_line' id='line_1_81' title="bbox 1224 2452 1287 2502; baseline 0.016 -1"><span class='ocrx_word' id='word_1_626' title='bbox 1224 2452 1287 2502; x_wconf 76' lang='lat' dir='ltr'><strong>tur?</strong></span> 
     </span>
    </p>

    <p class='ocr_par' dir='ltr' id='par_1_11' title="bbox 1220 2540 2014 3338">
     <span class='ocr_line' id='line_1_82' title="bbox 1259 2540 2013 2610; baseline 0.001 -16"><span class='ocrx_word' id='word_1_627' title='bbox 1259 2542 1304 2594; x_wconf 83' lang='lat' dir='ltr'><strong>tt.</strong></span> <span class='ocrx_word' id='word_1_628' title='bbox 1325 2543 1377 2593; x_wconf 78' lang='lat' dir='ltr'><strong>Ant</strong></span> <span class='ocrx_word' id='word_1_629' title='bbox 1401 2541 1471 2595; x_wconf 90' lang='lat' dir='ltr'><strong>enim</strong></span> <span class='ocrx_word' id='word_1_630' title='bbox 1485 2542 1524 2595; x_wconf 91' lang='lat' dir='ltr'><strong>sie</strong></span> <span class='ocrx_word' id='word_1_631' title='bbox 1545 2540 1742 2609; x_wconf 77' lang='lat' dir='ltr'><strong>ptmdestiontio</strong></span> <span class='ocrx_word' id='word_1_632' title='bbox 1767 2540 1933 2610; x_wconf 75' lang='lat' dir='ltr'><strong>predicanda</strong></span> <span class='ocrx_word' id='word_1_633' title='bbox 1958 2550 2013 2606; x_wconf 82' lang='lat' dir='ltr'><strong>est,</strong></span> 
     </span>
     <span class='ocr_line' id='line_1_83' title="bbox 1223 2629 2014 2701; baseline -0.004 -16"><span class='ocrx_word' id='word_1_634' title='bbox 1223 2631 1446 2701; x_wconf 84' lang='lat' dir='ltr'><strong>quemadmodum</strong></span> <span class='ocrx_word' id='word_1_635' title='bbox 1464 2646 1522 2685; x_wconf 91' lang='lat' dir='ltr'><strong>cam</strong></span> <span class='ocrx_word' id='word_1_636' title='bbox 1543 2639 1632 2684; x_wconf 84' lang='lat' dir='ltr'><strong>sancta</strong></span> <span class='ocrx_word' id='word_1_637' title='bbox 1648 2630 1782 2697; x_wconf 81' lang='lat' dir='ltr'><strong>Scriptura</strong></span> <span class='ocrx_word' id='word_1_638' title='bbox 1797 2629 1934 2684; x_wconf 83' lang='lat' dir='ltr'><strong>evidenter</strong></span> <span class='ocrx_word' id='word_1_639' title='bbox 1954 2630 2014 2684; x_wconf 90' lang='lat' dir='ltr'><strong>elo·</strong></span> 
     </span>
     <span class='ocr_line' id='line_1_84' title="bbox 1222 2719 2011 2791; baseline 0 -17"><span class='ocrx_word' id='word_1_640' title='bbox 1222 2722 1322 2791; x_wconf 89' lang='lat' dir='ltr'><strong>qnitnr,</strong></span> <span class='ocrx_word' id='word_1_641' title='bbox 1336 2732 1365 2775; x_wconf 93' lang='lat' dir='ltr'><strong>ut</strong></span> <span class='ocrx_word' id='word_1_642' title='bbox 1378 2723 1405 2776; x_wconf 91' lang='lat' dir='ltr'><strong>in</strong></span> <span class='ocrx_word' id='word_1_643' title='bbox 1419 2722 1613 2790; x_wconf 67' lang='lat' dir='ltr'><strong>praedestinatis</strong></span> <span class='ocrx_word' id='word_1_644' title='bbox 1629 2722 1687 2775; x_wconf 88' lang='lat' dir='ltr'><strong>sinc</strong></span> <span class='ocrx_word' id='word_1_645' title='bbox 1702 2722 1856 2788; x_wconf 85' lang='lat' dir='ltr'><strong>poenitentia</strong></span> <span class='ocrx_word' id='word_1_646' title='bbox 1878 2721 1931 2774; x_wconf 89' lang='lat' dir='ltr'><strong>sint</strong></span> <span class='ocrx_word' id='word_1_647' title='bbox 1942 2719 2011 2774; x_wconf 80' lang='lat' dir='ltr'><strong>dona</strong></span> 
     </span>
     <span class='ocr_line' id='line_1_85' title="bbox 1221 2809 2013 2881; baseline -0.001 -15"><span class='ocrx_word' id='word_1_648' title='bbox 1221 2813 1366 2866; x_wconf 82' lang='lat' dir='ltr'><strong>ctrocatio</strong></span> <span class='ocrx_word' id='word_1_649' title='bbox 1389 2813 1454 2877; x_wconf 61' lang='lat' dir='ltr'><strong>bom</strong></span> <span class='ocrx_word' id='word_1_650' title='bbox 1470 2821 1515 2865; x_wconf 89' lang='lat' dir='ltr'><strong>aut</strong></span> <span class='ocrx_word' id='word_1_651' title='bbox 1540 2812 1651 2881; x_wconf 78' lang='lat' dir='ltr'><strong>qratiam</strong></span> <span class='ocrx_word' id='word_1_652' title='bbox 1676 2810 1722 2865; x_wconf 85' lang='lat' dir='ltr'><strong>bet</strong></span> <span class='ocrx_word' id='word_1_653' title='bbox 1745 2809 1889 2864; x_wconf 83' lang='lat' dir='ltr'><strong>sccuttdnm</strong></span> <span class='ocrx_word' id='word_1_654' title='bbox 1918 2811 2013 2865; x_wconf 79' lang='lat' dir='ltr'><strong>merita</strong></span> 
     </span>
     <span class='ocr_line' id='line_1_86' title="bbox 1222 2903 2012 2973; baseline 0 -15"><span class='ocrx_word' id='word_1_655' title='bbox 1222 2914 1312 2960; x_wconf 86' lang='lat' dir='ltr'><strong>nestra</strong></span> <span class='ocrx_word' id='word_1_656' title='bbox 1334 2904 1391 2958; x_wconf 81' lang='lat' dir='ltr'><strong>dari</strong></span> <span class='ocrx_word' id='word_1_657' title='bbox 1416 2904 1613 2968; x_wconf 82' lang='lat' dir='ltr'><strong>confitendum,</strong></span> <span class='ocrx_word' id='word_1_658' title='bbox 1635 2903 1705 2972; x_wconf 90' lang='lat' dir='ltr'><strong>quod</strong></span> <span class='ocrx_word' id='word_1_659' title='bbox 1730 2904 1836 2972; x_wconf 85' lang='lat' dir='ltr'><strong>sapiunt</strong></span> <span class='ocrx_word' id='word_1_660' title='bbox 1860 2904 2012 2973; x_wconf 80' lang='lat' dir='ltr'><strong>Pelagium,</strong></span> 
     </span>
     <span class='ocr_line' id='line_1_87' title="bbox 1221 2994 2014 3066; baseline 0.001 -18"><span class='ocrx_word' id='word_1_661' title='bbox 1221 2995 1342 3065; x_wconf 85' lang='lat' dir='ltr'><strong>quamtis</strong></span> <span class='ocrx_word' id='word_1_662' title='bbox 1356 2995 1406 3049; x_wconf 87' lang='lat' dir='ltr'><strong>ista</strong></span> <span class='ocrx_word' id='word_1_663' title='bbox 1419 2994 1642 3063; x_wconf 58' lang='lat' dir='ltr'><strong>sententiamque</strong></span> <span class='ocrx_word' id='word_1_664' title='bbox 1653 2995 1786 3063; x_wconf 80' lang='lat' dir='ltr'><strong>saepejanr</strong></span> <span class='ocrx_word' id='word_1_665' title='bbox 1800 2995 1926 3060; x_wconf 81' lang='lat' dir='ltr'><strong>diximus,</strong></span> <span class='ocrx_word' id='word_1_666' title='bbox 1941 2995 2014 3066; x_wconf 72' lang='lat' dir='ltr'><strong>lega·</strong></span> 
     </span>
     <span class='ocr_line' id='line_1_88' title="bbox 1222 3084 2014 3155; baseline -0.003 -15"><span class='ocrx_word' id='word_1_667' title='bbox 1222 3086 1356 3155; x_wconf 74' lang='lat' dir='ltr'><strong>tergestis</strong></span> <span class='ocrx_word' id='word_1_668' title='bbox 1369 3085 1553 3154; x_wconf 89' lang='lat' dir='ltr'><strong>episcoporum</strong></span> <span class='ocrx_word' id='word_1_669' title='bbox 1565 3084 1733 3138; x_wconf 85' lang='lat' dir='ltr'><strong>orientalium</strong></span> <span class='ocrx_word' id='word_1_670' title='bbox 1746 3085 1826 3138; x_wconf 87' lang='lat' dir='ltr'><strong>etiam</strong></span> <span class='ocrx_word' id='word_1_671' title='bbox 1839 3084 1923 3153; x_wconf 89' lang='lat' dir='ltr'><strong>ipsius</strong></span> <span class='ocrx_word' id='word_1_672' title='bbox 1936 3085 2014 3139; x_wconf 84' lang='lat' dir='ltr'><strong>Pela·</strong></span> 
     </span>
     <span class='ocr_line' id='line_1_89' title="bbox 1221 3172 2013 3245; baseline 0 -17"><span class='ocrx_word' id='word_1_673' title='bbox 1221 3174 1257 3244; x_wconf 75' lang='lat' dir='ltr'><strong>gii</strong></span> <span class='ocrx_word' id='word_1_674' title='bbox 1270 3191 1317 3230; x_wconf 90' lang='lat' dir='ltr'><strong>ore</strong></span> <span class='ocrx_word' id='word_1_675' title='bbox 1328 3175 1452 3229; x_wconf 80' lang='lat' dir='ltr'><strong>damnata</strong></span> <span class='ocrx_word' id='word_1_676' title='bbox 1466 3174 1517 3243; x_wconf 81' lang='lat' dir='ltr'><strong>(De</strong></span> <span class='ocrx_word' id='word_1_677' title='bbox 1538 3174 1620 3228; x_wconf 75' lang='lat' dir='ltr'><strong>Gestis</strong></span> <span class='ocrx_word' id='word_1_678' title='bbox 1641 3172 1750 3245; x_wconf 82' lang='lat' dir='ltr'><strong>Peluqii,</strong></span> <span class='ocrx_word' id='word_1_679' title='bbox 1774 3192 1801 3228; x_wconf 85' lang='lat' dir='ltr'><strong>n.</strong></span> <span class='ocrx_word' id='word_1_680' title='bbox 1826 3176 1883 3245; x_wconf 75' lang='lat' dir='ltr'><strong>ab).</strong></span> <span class='ocrx_word' id='word_1_681' title='bbox 1898 3178 1920 3229; x_wconf 82' lang='grc' dir='ltr'><strong>Α</strong></span> <span class='ocrx_word' id='word_1_682' title='bbox 1936 3176 2013 3231; x_wconf 82' lang='lat' dir='ltr'><strong>Pela·</strong></span> 
     </span>
     <span class='ocr_line' id='line_1_90' title="bbox 1220 3266 2011 3338; baseline 0.006 -19"><span class='ocrx_word' id='word_1_683' title='bbox 1220 3269 1361 3338; x_wconf 74' lang='lat' dir='ltr'><strong>giaoornm</strong></span> <span class='ocrx_word' id='word_1_684' title='bbox 1388 3282 1468 3337; x_wconf 84' lang='lat' dir='ltr'><strong>petro</strong></span> <span class='ocrx_word' id='word_1_685' title='bbox 1492 3266 1616 3322; x_wconf 70' lang='lat' dir='ltr'><strong>haeretica</strong></span> <span class='ocrx_word' id='word_1_686' title='bbox 1641 3269 1814 3335; x_wconf 79' lang='lat' dir='ltr'><strong>peruersitate</strong></span> <span class='ocrx_word' id='word_1_687' title='bbox 1840 3277 1942 3323; x_wconf 77' lang='lat' dir='ltr'><strong>tantum</strong></span> <span class='ocrx_word' id='word_1_688' title='bbox 1968 3270 2011 3324; x_wconf 90' lang='lat' dir='ltr'><strong>isti</strong></span> 
     </span>
    </p>
   </div>
   <div class='ocr_carea' id='block_1_9' title="bbox 1223 3357 2100 3427">
    <p class='ocr_par' dir='ltr' id='par_1_12' title="bbox 1223 3357 2100 3427">
     <span class='ocr_line' id='line_1_91' title="bbox 1223 3357 2100 3427; baseline 0.005 -15"><span class='ocrx_word' id='word_1_689' title='bbox 1223 3359 1317 3412; x_wconf 90' lang='lat' dir='ltr'><strong>remoti</strong></span> <span class='ocrx_word' id='word_1_690' title='bbox 1333 3366 1404 3422; x_wconf 93' lang='lat' dir='ltr'><strong>sunt,</strong></span> <span class='ocrx_word' id='word_1_691' title='bbox 1420 3368 1529 3427; x_wconf 86' lang='lat' dir='ltr'><strong>propter</strong></span> <span class='ocrx_word' id='word_1_692' title='bbox 1541 3371 1608 3424; x_wconf 89' lang='lat' dir='ltr'><strong>quos</strong></span> <span class='ocrx_word' id='word_1_693' title='bbox 1621 3357 1678 3412; x_wconf 78' lang='lat' dir='ltr'><strong>bac</strong></span> <span class='ocrx_word' id='word_1_694' title='bbox 1697 3359 1810 3427; x_wconf 84' lang='lat' dir='ltr'><strong>agimus,</strong></span> <span class='ocrx_word' id='word_1_695' title='bbox 1822 3370 1850 3414; x_wconf 90' lang='lat' dir='ltr'><strong>ut</strong></span> <span class='ocrx_word' id='word_1_696' title='bbox 1863 3361 1924 3415; x_wconf 84' lang='lat' dir='ltr'><strong>licet</strong></span> <span class='ocrx_word' id='word_1_697' title='bbox 1945 3377 2013 3416; x_wconf 87' lang='lat' dir='ltr'><strong>nort·</strong></span> <span class='ocrx_word' id='word_1_698' title='bbox 2097 3360 2100 3366; x_wconf 89' lang='lat'>&#39;</span> 
     </span>
    </p>
   </div>
   <div class='ocr_carea' id='block_1_10' title="bbox 1221 3448 2016 6072">
    <p class='ocr_par' dir='ltr' id='par_1_13' title="bbox 1221 3448 2013 4796">
     <span class='ocr_line' id='line_1_92' title="bbox 1221 3448 2010 3520; baseline 0.004 -18"><span class='ocrx_word' id='word_1_699' title='bbox 1221 3449 1284 3503; x_wconf 93' lang='lat' dir='ltr'><strong>dum</strong></span> <span class='ocrx_word' id='word_1_700' title='bbox 1300 3449 1382 3502; x_wconf 86' lang='lat' dir='ltr'><strong>uelint</strong></span> <span class='ocrx_word' id='word_1_701' title='bbox 1403 3448 1478 3501; x_wconf 86' lang='lat' dir='ltr'><strong>lateri</strong></span> <span class='ocrx_word' id='word_1_702' title='bbox 1503 3448 1706 3516; x_wconf 70' lang='lat' dir='ltr'><strong>praedestinatos</strong></span> <span class='ocrx_word' id='word_1_703' title='bbox 1728 3465 1798 3514; x_wconf 87' lang='lat' dir='ltr'><strong>esse,</strong></span> <span class='ocrx_word' id='word_1_704' title='bbox 1826 3452 1870 3520; x_wconf 90' lang='lat' dir='ltr'><strong>qui</strong></span> <span class='ocrx_word' id='word_1_705' title='bbox 1896 3467 1943 3520; x_wconf 86' lang='lat' dir='ltr'><strong>per</strong></span> <span class='ocrx_word' id='word_1_706' title='bbox 1965 3452 2010 3508; x_wconf 85' lang='lat' dir='ltr'><strong>Dei</strong></span> 
     </span>
     <span class='ocr_line' id='line_1_93' title="bbox 1221 3538 2009 3610; baseline 0.005 -18"><span class='ocrx_word' id='word_1_707' title='bbox 1221 3540 1332 3609; x_wconf 79' lang='lat' dir='ltr'><strong>qratiam</strong></span> <span class='ocrx_word' id='word_1_708' title='bbox 1345 3539 1409 3592; x_wconf 82' lang='lat' dir='ltr'><strong>stunt</strong></span> <span class='ocrx_word' id='word_1_709' title='bbox 1423 3538 1577 3593; x_wconf 85' lang='lat' dir='ltr'><strong>obedientes</strong></span> <span class='ocrx_word' id='word_1_710' title='bbox 1593 3548 1673 3607; x_wconf 90' lang='lat' dir='ltr'><strong>atque</strong></span> <span class='ocrx_word' id='word_1_711' title='bbox 1692 3553 1880 3608; x_wconf 86' lang='lat' dir='ltr'><strong>permaneant;</strong></span> <span class='ocrx_word' id='word_1_712' title='bbox 1898 3543 1952 3610; x_wconf 79' lang='lat' dir='ltr'><strong>jum</strong></span> <span class='ocrx_word' id='word_1_713' title='bbox 1968 3553 2009 3596; x_wconf 90' lang='lat' dir='ltr'><strong>ta-</strong></span> 
     </span>
     <span class='ocr_line' id='line_1_94' title="bbox 1222 3631 2009 3701; baseline 0.001 -15"><span class='ocrx_word' id='word_1_714' title='bbox 1222 3649 1282 3687; x_wconf 90' lang='lat' dir='ltr'><strong>men</strong></span> <span class='ocrx_word' id='word_1_715' title='bbox 1308 3631 1451 3696; x_wconf 77' lang='lat' dir='ltr'><strong>tonantur,</strong></span> <span class='ocrx_word' id='word_1_716' title='bbox 1474 3631 1543 3698; x_wconf 89' lang='lat' dir='ltr'><strong>quod</strong></span> <span class='ocrx_word' id='word_1_717' title='bbox 1564 3646 1656 3685; x_wconf 90' lang='lat' dir='ltr'><strong>eorum</strong></span> <span class='ocrx_word' id='word_1_718' title='bbox 1675 3634 1819 3701; x_wconf 80' lang='lat' dir='ltr'><strong>prmreuiat</strong></span> <span class='ocrx_word' id='word_1_719' title='bbox 1845 3632 2009 3688; x_wconf 81' lang='lat' dir='ltr'><strong>volontatem</strong></span> 
     </span>
     <span class='ocr_line' id='line_1_95' title="bbox 1223 3721 2012 3795; baseline -0.003 -15"><span class='ocrx_word' id='word_1_720' title='bbox 1223 3725 1320 3795; x_wconf 90' lang='lat' dir='ltr'><strong>quibus</strong></span> <span class='ocrx_word' id='word_1_721' title='bbox 1332 3724 1411 3776; x_wconf 91' lang='lat' dir='ltr'><strong>datur</strong></span> <span class='ocrx_word' id='word_1_722' title='bbox 1424 3722 1481 3776; x_wconf 80' lang='lat' dir='ltr'><strong>buc</strong></span> <span class='ocrx_word' id='word_1_723' title='bbox 1493 3721 1576 3790; x_wconf 78' lang='lat' dir='ltr'><strong>gratia</strong></span> <span class='ocrx_word' id='word_1_724' title='bbox 1592 3721 1670 3775; x_wconf 89' lang='lat' dir='ltr'><strong>:ideo</strong></span> <span class='ocrx_word' id='word_1_725' title='bbox 1684 3722 1775 3790; x_wconf 89' lang='lat' dir='ltr'><strong>utique</strong></span> <span class='ocrx_word' id='word_1_726' title='bbox 1787 3762 1794 3785; x_wconf 96' lang='lat'><strong>,</strong></span> <span class='ocrx_word' id='word_1_727' title='bbox 1808 3737 1842 3775; x_wconf 91' lang='lat' dir='ltr'><strong>ne</strong></span> <span class='ocrx_word' id='word_1_728' title='bbox 1861 3738 1913 3775; x_wconf 92' lang='lat' dir='ltr'><strong>nnn</strong></span> <span class='ocrx_word' id='word_1_729' title='bbox 1929 3725 2012 3792; x_wconf 78' lang='lat' dir='ltr'><strong>gratis</strong></span> 
     </span>
     <span class='ocr_line' id='line_1_96' title="bbox 1221 3812 2009 3882; baseline -0.005 -12"><span class='ocrx_word' id='word_1_730' title='bbox 1221 3817 1279 3871; x_wconf 86' lang='lat' dir='ltr'><strong>dari</strong></span> <span class='ocrx_word' id='word_1_731' title='bbox 1298 3813 1422 3870; x_wconf 86' lang='lat' dir='ltr'><strong>credatur</strong></span> <span class='ocrx_word' id='word_1_732' title='bbox 1439 3813 1537 3882; x_wconf 76' lang='lat' dir='ltr'><strong>qratia,</strong></span> <span class='ocrx_word' id='word_1_733' title='bbox 1553 3812 1620 3866; x_wconf 89' lang='lat' dir='ltr'><strong>sieut</strong></span> <span class='ocrx_word' id='word_1_734' title='bbox 1634 3814 1733 3866; x_wconf 83' lang='lat' dir='ltr'><strong>veritas</strong></span> <span class='ocrx_word' id='word_1_735' title='bbox 1750 3812 1881 3881; x_wconf 80' lang='lat' dir='ltr'><strong>loquitur:</strong></span> <span class='ocrx_word' id='word_1_736' title='bbox 1900 3813 1946 3867; x_wconf 88' lang='lat' dir='ltr'><strong>scd</strong></span> <span class='ocrx_word' id='word_1_737' title='bbox 1963 3829 2009 3882; x_wconf 89' lang='lat' dir='ltr'><strong>po·</strong></span> 
     </span>
     <span class='ocr_line' id='line_1_97' title="bbox 1223 3902 2012 3972; baseline -0.003 -12"><span class='ocrx_word' id='word_1_738' title='bbox 1223 3910 1273 3960; x_wconf 87' lang='lat' dir='ltr'><strong>tius</strong></span> <span class='ocrx_word' id='word_1_739' title='bbox 1290 3905 1435 3961; x_wconf 88' lang='lat' dir='ltr'><strong>secondum</strong></span> <span class='ocrx_word' id='word_1_740' title='bbox 1461 3902 1634 3972; x_wconf 82' lang='lat' dir='ltr'><strong>praecedentis</strong></span> <span class='ocrx_word' id='word_1_741' title='bbox 1649 3905 1743 3957; x_wconf 89' lang='lat' dir='ltr'><strong>merita</strong></span> <span class='ocrx_word' id='word_1_742' title='bbox 1762 3904 1923 3966; x_wconf 82' lang='lat' dir='ltr'><strong>voluntatis,</strong></span> <span class='ocrx_word' id='word_1_743' title='bbox 1944 3905 2012 3958; x_wconf 87' lang='lat' dir='ltr'><strong>sicot</strong></span> 
     </span>
     <span class='ocr_line' id='line_1_98' title="bbox 1221 3993 2013 4063; baseline 0 -13"><span class='ocrx_word' id='word_1_744' title='bbox 1221 4007 1313 4052; x_wconf 88' lang='lat' dir='ltr'><strong>contra</strong></span> <span class='ocrx_word' id='word_1_745' title='bbox 1324 3997 1463 4049; x_wconf 85' lang='lat' dir='ltr'><strong>veritatem</strong></span> <span class='ocrx_word' id='word_1_746' title='bbox 1476 3993 1633 4062; x_wconf 82' lang='lat' dir='ltr'><strong>Pelagianos</strong></span> <span class='ocrx_word' id='word_1_747' title='bbox 1648 4008 1723 4048; x_wconf 87' lang='lat' dir='ltr'><strong>error</strong></span> <span class='ocrx_word' id='word_1_748' title='bbox 1733 3994 1890 4063; x_wconf 87' lang='lat' dir='ltr'><strong>obloquitur.</strong></span> <span class='ocrx_word' id='word_1_749' title='bbox 1907 3995 2013 4050; x_wconf 78' lang='lat' dir='ltr'><strong>l‘rmrc-</strong></span> 
     </span>
     <span class='ocr_line' id='line_1_99' title="bbox 1222 4085 2010 4158; baseline 0 -16"><span class='ocrx_word' id='word_1_750' title='bbox 1222 4089 1260 4142; x_wconf 91' lang='lat' dir='ltr'><strong>nit</strong></span> <span class='ocrx_word' id='word_1_751' title='bbox 1269 4103 1333 4157; x_wconf 71' lang='lat' dir='ltr'><strong>erqo</strong></span> <span class='ocrx_word' id='word_1_752' title='bbox 1347 4097 1373 4140; x_wconf 92' lang='lat' dir='ltr'><strong>et</strong></span> <span class='ocrx_word' id='word_1_753' title='bbox 1383 4086 1461 4141; x_wconf 81' lang='lat' dir='ltr'><strong>iidem</strong></span> <span class='ocrx_word' id='word_1_754' title='bbox 1474 4087 1558 4154; x_wconf 78' lang='lat' dir='ltr'><strong>qratia</strong></span> <span class='ocrx_word' id='word_1_755' title='bbox 1576 4087 1710 4155; x_wconf 84' lang='lat' dir='ltr'><strong>:alioquin</strong></span> <span class='ocrx_word' id='word_1_756' title='bbox 1725 4088 1747 4140; x_wconf 91' lang='lat' dir='ltr'><strong>si</strong></span> <span class='ocrx_word' id='word_1_757' title='bbox 1759 4085 1824 4142; x_wconf 87' lang='lat' dir='ltr'><strong>lidos</strong></span> <span class='ocrx_word' id='word_1_758' title='bbox 1839 4102 1897 4141; x_wconf 87' lang='lat' dir='ltr'><strong>eam</strong></span> <span class='ocrx_word' id='word_1_759' title='bbox 1909 4103 2010 4158; x_wconf 73' lang='lat' dir='ltr'><strong>prare-</strong></span> 
     </span>
     <span class='ocr_line' id='line_1_100' title="bbox 1222 4177 2012 4246; baseline -0.001 -13"><span class='ocrx_word' id='word_1_760' title='bbox 1222 4183 1270 4240; x_wconf 88' lang='lat' dir='ltr'><strong>nit,</strong></span> <span class='ocrx_word' id='word_1_761' title='bbox 1282 4178 1373 4246; x_wconf 88' lang='lat' dir='ltr'><strong>procul</strong></span> <span class='ocrx_word' id='word_1_762' title='bbox 1382 4179 1463 4232; x_wconf 89' lang='lat' dir='ltr'><strong>dnbio</strong></span> <span class='ocrx_word' id='word_1_763' title='bbox 1477 4177 1604 4245; x_wconf 71' lang='lat' dir='ltr'><strong>praevenit</strong></span> <span class='ocrx_word' id='word_1_764' title='bbox 1613 4185 1641 4230; x_wconf 92' lang='lat' dir='ltr'><strong>et</strong></span> <span class='ocrx_word' id='word_1_765' title='bbox 1654 4178 1786 4242; x_wconf 80' lang='lat' dir='ltr'><strong>noluntas,</strong></span> <span class='ocrx_word' id='word_1_766' title='bbox 1806 4179 1929 4245; x_wconf 82' lang='lat' dir='ltr'><strong>quoniam</strong></span> <span class='ocrx_word' id='word_1_767' title='bbox 1946 4179 2012 4232; x_wconf 84' lang='lat' dir='ltr'><strong>ltdos</strong></span> 
     </span>
     <span class='ocr_line' id='line_1_101' title="bbox 1221 4269 2012 4336; baseline -0.003 -11"><span class='ocrx_word' id='word_1_768' title='bbox 1221 4273 1280 4326; x_wconf 90' lang='lat' dir='ltr'><strong>sino</strong></span> <span class='ocrx_word' id='word_1_769' title='bbox 1291 4270 1425 4323; x_wconf 80' lang='lat' dir='ltr'><strong>voluntate</strong></span> <span class='ocrx_word' id='word_1_770' title='bbox 1436 4283 1487 4320; x_wconf 92' lang='lat' dir='ltr'><strong>non</strong></span> <span class='ocrx_word' id='word_1_771' title='bbox 1501 4276 1588 4335; x_wconf 89' lang='lat' dir='ltr'><strong>petest</strong></span> <span class='ocrx_word' id='word_1_772' title='bbox 1600 4282 1672 4321; x_wconf 86' lang='lat' dir='ltr'><strong>esse.</strong></span> <span class='ocrx_word' id='word_1_773' title='bbox 1682 4269 1710 4321; x_wconf 89' lang='lat' dir='ltr'><strong>Si</strong></span> <span class='ocrx_word' id='word_1_774' title='bbox 1721 4279 1809 4321; x_wconf 89' lang='lat' dir='ltr'><strong>autem</strong></span> <span class='ocrx_word' id='word_1_775' title='bbox 1817 4269 1901 4336; x_wconf 83' lang='lat' dir='ltr'><strong>gratia</strong></span> <span class='ocrx_word' id='word_1_776' title='bbox 1911 4284 2012 4336; x_wconf 76' lang='lat' dir='ltr'><strong>praere-</strong></span> 
     </span>
     <span class='ocr_line' id='line_1_102' title="bbox 1222 4358 2012 4430; baseline -0.004 -13"><span class='ocrx_word' id='word_1_777' title='bbox 1222 4366 1261 4418; x_wconf 92' lang='lat' dir='ltr'><strong>nit</strong></span> <span class='ocrx_word' id='word_1_778' title='bbox 1275 4363 1366 4424; x_wconf 89' lang='lat' dir='ltr'><strong>lidem,</strong></span> <span class='ocrx_word' id='word_1_779' title='bbox 1386 4361 1511 4430; x_wconf 85' lang='lat' dir='ltr'><strong>quoniam</strong></span> <span class='ocrx_word' id='word_1_780' title='bbox 1536 4358 1664 4427; x_wconf 66' lang='lat' dir='ltr'><strong>praevenit</strong></span> <span class='ocrx_word' id='word_1_781' title='bbox 1688 4359 1867 4420; x_wconf 67' lang='lat' dir='ltr'><strong>voluntatum</strong></span> <span class='ocrx_word' id='word_1_782' title='bbox 1892 4359 2012 4428; x_wconf 87' lang='lat' dir='ltr'><strong>prolecto</strong></span> 
     </span>
     <span class='ocr_line' id='line_1_103' title="bbox 1223 4446 2009 4525; baseline -0.006 -19"><span class='ocrx_word' id='word_1_783' title='bbox 1223 4453 1351 4525; x_wconf 70' lang='lat' dir='ltr'><strong>provenit</strong></span> <span class='ocrx_word' id='word_1_784' title='bbox 1364 4465 1470 4505; x_wconf 90' lang='lat' dir='ltr'><strong>omnem</strong></span> <span class='ocrx_word' id='word_1_785' title='bbox 1483 4449 1680 4511; x_wconf 87' lang='lat' dir='ltr'><strong>obedieutiam;</strong></span> <span class='ocrx_word' id='word_1_786' title='bbox 1700 4446 1828 4517; x_wconf 80' lang='lat' dir='ltr'><strong>ptmrenit</strong></span> <span class='ocrx_word' id='word_1_787' title='bbox 1846 4448 1925 4501; x_wconf 57' lang='lat' dir='ltr'><strong>etiarm</strong></span> <span class='ocrx_word' id='word_1_788' title='bbox 1944 4447 2009 4501; x_wconf 85' lang='lat' dir='ltr'><strong>cint-</strong></span> 
     </span>
     <span class='ocr_line' id='line_1_104' title="bbox 1221 4539 2010 4615; baseline -0.015 -11"><span class='ocrx_word' id='word_1_789' title='bbox 1221 4549 1337 4612; x_wconf 86' lang='lat' dir='ltr'><strong>ritatcm,</strong></span> <span class='ocrx_word' id='word_1_790' title='bbox 1353 4561 1404 4615; x_wconf 85' lang='lat' dir='ltr'><strong>qua</strong></span> <span class='ocrx_word' id='word_1_791' title='bbox 1419 4543 1535 4598; x_wconf 82' lang='lat' dir='ltr'><strong>uuallon</strong></span> <span class='ocrx_word' id='word_1_792' title='bbox 1557 4541 1686 4606; x_wconf 82' lang='lat' dir='ltr'><strong>tpraciter</strong></span> <span class='ocrx_word' id='word_1_793' title='bbox 1703 4550 1729 4594; x_wconf 91' lang='lat' dir='ltr'><strong>ct</strong></span> <span class='ocrx_word' id='word_1_794' title='bbox 1743 4539 1859 4593; x_wconf 82' lang='lat' dir='ltr'><strong>suatitcr</strong></span> <span class='ocrx_word' id='word_1_795' title='bbox 1871 4540 2010 4605; x_wconf 85' lang='lat' dir='ltr'><strong>obeditur;</strong></span> 
     </span>
     <span class='ocr_line' id='line_1_105' title="bbox 1221 4631 2011 4704; baseline -0.008 -12"><span class='ocrx_word' id='word_1_796' title='bbox 1221 4636 1420 4693; x_wconf 80' lang='lat' dir='ltr'><strong>ethaeorum</strong></span> <span class='ocrx_word' id='word_1_797' title='bbox 1439 4635 1523 4704; x_wconf 78' lang='lat' dir='ltr'><strong>gratio</strong></span> <span class='ocrx_word' id='word_1_798' title='bbox 1543 4634 1568 4686; x_wconf 94' lang='lat' dir='ltr'><strong>in</strong></span> <span class='ocrx_word' id='word_1_799' title='bbox 1585 4647 1618 4686; x_wconf 90' lang='lat' dir='ltr'><strong>eo</strong></span> <span class='ocrx_word' id='word_1_800' title='bbox 1638 4632 1680 4687; x_wconf 89' lang='lat' dir='ltr'><strong>eni</strong></span> <span class='ocrx_word' id='word_1_801' title='bbox 1699 4631 1787 4700; x_wconf 89' lang='lat' dir='ltr'><strong>datur,</strong></span> <span class='ocrx_word' id='word_1_802' title='bbox 1806 4640 1834 4686; x_wconf 90' lang='lat' dir='ltr'><strong>et</strong></span> <span class='ocrx_word' id='word_1_803' title='bbox 1860 4632 1935 4701; x_wconf 84' lang='lat' dir='ltr'><strong>cujus</strong></span> <span class='ocrx_word' id='word_1_804' title='bbox 1954 4632 2011 4686; x_wconf 79' lang='lat' dir='ltr'><strong>bac</strong></span> 
     </span>
     <span class='ocr_line' id='line_1_106' title="bbox 1221 4726 1609 4796; baseline -0.021 -13"><span class='ocrx_word' id='word_1_805' title='bbox 1221 4730 1309 4784; x_wconf 86' lang='lat' dir='ltr'><strong>omnia</strong></span> <span class='ocrx_word' id='word_1_806' title='bbox 1322 4726 1458 4796; x_wconf 71' lang='lat' dir='ltr'><strong>praevenit,</strong></span> <span class='ocrx_word' id='word_1_807' title='bbox 1475 4734 1609 4793; x_wconf 81' lang='lat' dir='ltr'><strong>operator.</strong></span> 
     </span>
    </p>

    <p class='ocr_par' dir='ltr' id='par_1_14' title="bbox 1221 4813 2016 6072">
     <span class='ocr_line' id='line_1_107' title="bbox 1257 4813 2012 4883; baseline -0.011 -7"><span class='ocrx_word' id='word_1_808' title='bbox 1257 4819 1369 4876; x_wconf 70' lang='lat' dir='ltr'><strong>carot</strong></span> <span class='ocrx_word' id='word_1_809' title='bbox 1388 4817 1469 4870; x_wconf 67' lang='lat' dir='ltr'><strong>Xl&#39;li.</strong></span> <span class='ocrx_word' id='word_1_810' title='bbox 1489 4845 1525 4871; x_wconf 81' lang='grc'><strong>,-</strong></span> <span class='ocrx_word' id='word_1_811' title='bbox 1544 4815 1636 4868; x_wconf 81' lang='lat' dir='ltr'><strong>Restat</strong></span> <span class='ocrx_word' id='word_1_812' title='bbox 1648 4814 1673 4867; x_wconf 91' lang='lat' dir='ltr'><strong>in</strong></span> <span class='ocrx_word' id='word_1_813' title='bbox 1690 4814 1730 4867; x_wconf 92' lang='lat' dir='ltr'><strong>lris</strong></span> <span class='ocrx_word' id='word_1_814' title='bbox 1746 4814 1822 4867; x_wconf 89' lang='lat' dir='ltr'><strong>bonis</strong></span> <span class='ocrx_word' id='word_1_815' title='bbox 1840 4828 1923 4883; x_wconf 89' lang='lat' dir='ltr'><strong>usque</strong></span> <span class='ocrx_word' id='word_1_816' title='bbox 1939 4813 1965 4867; x_wconf 91' lang='lat' dir='ltr'><strong>in</strong></span> <span class='ocrx_word' id='word_1_817' title='bbox 1980 4814 2012 4869; x_wconf 90' lang='lat' dir='ltr'><strong>ll-</strong></span> 
     </span>
     <span class='ocr_line' id='line_1_108' title="bbox 1222 4903 2011 4979; baseline -0.009 -14"><span class='ocrx_word' id='word_1_818' title='bbox 1222 4929 1283 4965; x_wconf 86' lang='lat' dir='ltr'><strong>nom</strong></span> <span class='ocrx_word' id='word_1_819' title='bbox 1297 4907 1504 4979; x_wconf 80' lang='lat' dir='ltr'><strong>perseuerantia,</strong></span> <span class='ocrx_word' id='word_1_820' title='bbox 1526 4921 1584 4974; x_wconf 67' lang='lat' dir='ltr'><strong>qnze</strong></span> <span class='ocrx_word' id='word_1_821' title='bbox 1605 4904 1703 4958; x_wconf 89' lang='lat' dir='ltr'><strong>lrustra</strong></span> <span class='ocrx_word' id='word_1_822' title='bbox 1725 4903 1842 4973; x_wconf 90' lang='lat' dir='ltr'><strong>quotidie</strong></span> <span class='ocrx_word' id='word_1_823' title='bbox 1862 4918 1878 4956; x_wconf 89' lang='lat' dir='ltr'><strong>a</strong></span> <span class='ocrx_word' id='word_1_824' title='bbox 1900 4903 2011 4958; x_wconf 88' lang='lat' dir='ltr'><strong>Donrinu</strong></span> 
     </span>
     <span class='ocr_line' id='line_1_109' title="bbox 1221 4996 2011 5075; baseline -0.01 -16"><span class='ocrx_word' id='word_1_825' title='bbox 1221 5005 1349 5075; x_wconf 84' lang='lat' dir='ltr'><strong>poscitur,</strong></span> <span class='ocrx_word' id='word_1_826' title='bbox 1367 5002 1389 5056; x_wconf 88' lang='lat' dir='ltr'><strong>si</strong></span> <span class='ocrx_word' id='word_1_827' title='bbox 1405 5015 1458 5053; x_wconf 87' lang='lat' dir='ltr'><strong>nott</strong></span> <span class='ocrx_word' id='word_1_828' title='bbox 1471 5013 1530 5053; x_wconf 90' lang='lat' dir='ltr'><strong>eam</strong></span> <span class='ocrx_word' id='word_1_829' title='bbox 1548 4997 1676 5051; x_wconf 85' lang='lat' dir='ltr'><strong>[lominus</strong></span> <span class='ocrx_word' id='word_1_830' title='bbox 1693 4996 1866 5064; x_wconf 74' lang='lat' dir='ltr'><strong>pergratiam</strong></span> <span class='ocrx_word' id='word_1_831' title='bbox 1890 5010 1965 5050; x_wconf 90' lang='lat' dir='ltr'><strong>suam</strong></span> <span class='ocrx_word' id='word_1_832' title='bbox 1985 4997 2011 5051; x_wconf 89' lang='lat' dir='ltr'><strong>io</strong></span> 
     </span>
     <span class='ocr_line' id='line_1_110' title="bbox 1222 5084 2009 5161; baseline -0.011 -13"><span class='ocrx_word' id='word_1_833' title='bbox 1222 5097 1277 5159; x_wconf 90' lang='lat' dir='ltr'><strong>illo,</strong></span> <span class='ocrx_word' id='word_1_834' title='bbox 1289 5094 1364 5161; x_wconf 77' lang='lat' dir='ltr'><strong>citius</strong></span> <span class='ocrx_word' id='word_1_835' title='bbox 1381 5090 1516 5144; x_wconf 86' lang='lat' dir='ltr'><strong>orationes</strong></span> <span class='ocrx_word' id='word_1_836' title='bbox 1532 5085 1650 5151; x_wconf 82' lang='lat' dir='ltr'><strong>exaudit,</strong></span> <span class='ocrx_word' id='word_1_837' title='bbox 1666 5094 1801 5154; x_wconf 85' lang='lat' dir='ltr'><strong>operatur.</strong></span> <span class='ocrx_word' id='word_1_838' title='bbox 1818 5084 1911 5139; x_wconf 79' lang='lat' dir='ltr'><strong>Videte</strong></span> <span class='ocrx_word' id='word_1_839' title='bbox 1921 5085 1977 5153; x_wconf 81' lang='lat' dir='ltr'><strong>jam</strong></span> <span class='ocrx_word' id='word_1_840' title='bbox 1995 5100 2009 5139; x_wconf 77' lang='lat' dir='ltr'><strong>a</strong></span> 
     </span>
     <span class='ocr_line' id='line_1_111' title="bbox 1222 5175 2013 5250; baseline -0.005 -14"><span class='ocrx_word' id='word_1_841' title='bbox 1222 5184 1333 5239; x_wconf 77' lang='lat' dir='ltr'><strong>ueritate</strong></span> <span class='ocrx_word' id='word_1_842' title='bbox 1348 5195 1427 5250; x_wconf 87' lang='lat' dir='ltr'><strong>quam</strong></span> <span class='ocrx_word' id='word_1_843' title='bbox 1444 5180 1478 5232; x_wconf 88' lang='lat' dir='ltr'><strong>sit</strong></span> <span class='ocrx_word' id='word_1_844' title='bbox 1495 5178 1622 5242; x_wconf 87' lang='lat' dir='ltr'><strong>alienum,</strong></span> <span class='ocrx_word' id='word_1_845' title='bbox 1645 5191 1741 5246; x_wconf 82' lang='lat' dir='ltr'><strong>negare</strong></span> <span class='ocrx_word' id='word_1_846' title='bbox 1759 5175 1858 5233; x_wconf 91' lang='lat' dir='ltr'><strong>donum</strong></span> <span class='ocrx_word' id='word_1_847' title='bbox 1880 5176 1926 5229; x_wconf 85' lang='lat' dir='ltr'><strong>bet</strong></span> <span class='ocrx_word' id='word_1_848' title='bbox 1953 5191 2013 5232; x_wconf 75' lang='lat' dir='ltr'><strong>essu</strong></span> 
     </span>
     <span class='ocr_line' id='line_1_112' title="bbox 1222 5265 2014 5346; baseline -0.011 -20"><span class='ocrx_word' id='word_1_849' title='bbox 1222 5272 1448 5346; x_wconf 83' lang='lat' dir='ltr'><strong>perseverantiam</strong></span> <span class='ocrx_word' id='word_1_850' title='bbox 1462 5268 1584 5338; x_wconf 87' lang='lat' dir='ltr'><strong>usquein</strong></span> <span class='ocrx_word' id='word_1_851' title='bbox 1599 5270 1678 5321; x_wconf 89' lang='lat' dir='ltr'><strong>linem</strong></span> <span class='ocrx_word' id='word_1_852' title='bbox 1693 5266 1772 5334; x_wconf 78' lang='lat' dir='ltr'><strong>liujus</strong></span> <span class='ocrx_word' id='word_1_853' title='bbox 1785 5266 1845 5319; x_wconf 81' lang='lat' dir='ltr'><strong>uitae</strong></span> <span class='ocrx_word' id='word_1_854' title='bbox 1859 5281 1866 5318; x_wconf 77' lang='grc' dir='ltr'><strong>ι</strong></span> <span class='ocrx_word' id='word_1_855' title='bbox 1881 5280 1942 5319; x_wconf 89' lang='lat' dir='ltr'><strong>cum</strong></span> <span class='ocrx_word' id='word_1_856' title='bbox 1953 5265 2014 5318; x_wconf 70' lang='lat' dir='ltr'><strong>titre</strong></span> 
     </span>
     <span class='ocr_line' id='line_1_113' title="bbox 1223 5356 2016 5436; baseline -0.016 -14"><span class='ocrx_word' id='word_1_857' title='bbox 1223 5368 1294 5431; x_wconf 84' lang='lat' dir='ltr'><strong>lrnie,</strong></span> <span class='ocrx_word' id='word_1_858' title='bbox 1306 5363 1411 5436; x_wconf 88' lang='lat' dir='ltr'><strong>quando</strong></span> <span class='ocrx_word' id='word_1_859' title='bbox 1431 5362 1554 5424; x_wconf 84' lang='lat' dir='ltr'><strong>soluerit,</strong></span> <span class='ocrx_word' id='word_1_860' title='bbox 1571 5360 1627 5428; x_wconf 89' lang='lat' dir='ltr'><strong>ipse</strong></span> <span class='ocrx_word' id='word_1_861' title='bbox 1638 5359 1685 5412; x_wconf 88' lang='lat' dir='ltr'><strong>det</strong></span> <span class='ocrx_word' id='word_1_862' title='bbox 1702 5358 1797 5419; x_wconf 65' lang='lat' dir='ltr'><strong>lineum</strong></span> <span class='ocrx_word' id='word_1_863' title='bbox 1823 5371 1902 5426; x_wconf 87' lang='lat' dir='ltr'><strong>quem</strong></span> <span class='ocrx_word' id='word_1_864' title='bbox 1924 5356 1946 5410; x_wconf 90' lang='lat' dir='ltr'><strong>si</strong></span> <span class='ocrx_word' id='word_1_865' title='bbox 1968 5356 2016 5409; x_wconf 88' lang='lat' dir='ltr'><strong>dat</strong></span> 
     </span>
     <span class='ocr_line' id='line_1_114' title="bbox 1222 5447 2015 5520; baseline -0.016 -9"><span class='ocrx_word' id='word_1_866' title='bbox 1222 5465 1284 5511; x_wconf 88' lang='lat' dir='ltr'><strong>ante</strong></span> <span class='ocrx_word' id='word_1_867' title='bbox 1294 5455 1475 5509; x_wconf 85' lang='lat' dir='ltr'><strong>imminentem</strong></span> <span class='ocrx_word' id='word_1_868' title='bbox 1486 5452 1599 5520; x_wconf 78' lang='lat' dir='ltr'><strong>lapsum,</strong></span> <span class='ocrx_word' id='word_1_869' title='bbox 1616 5448 1678 5501; x_wconf 88' lang='lat' dir='ltr'><strong>lacit</strong></span> <span class='ocrx_word' id='word_1_870' title='bbox 1690 5447 1823 5501; x_wconf 89' lang='lat' dir='ltr'><strong>bominem</strong></span> <span class='ocrx_word' id='word_1_871' title='bbox 1843 5460 2015 5515; x_wconf 81' lang='lat' dir='ltr'><strong>perseuerare</strong></span> 
     </span>
     <span class='ocr_line' id='line_1_115' title="bbox 1223 5536 2015 5617; baseline -0.018 -14"><span class='ocrx_word' id='word_1_872' title='bbox 1223 5547 1344 5617; x_wconf 88' lang='lat' dir='ltr'><strong>usquein</strong></span> <span class='ocrx_word' id='word_1_873' title='bbox 1357 5548 1446 5599; x_wconf 87' lang='lat' dir='ltr'><strong>linem.</strong></span> <span class='ocrx_word' id='word_1_874' title='bbox 1463 5542 1516 5598; x_wconf 89' lang='lat' dir='ltr'><strong>Sed</strong></span> <span class='ocrx_word' id='word_1_875' title='bbox 1531 5539 1676 5595; x_wconf 89' lang='lat' dir='ltr'><strong>mirabilior</strong></span> <span class='ocrx_word' id='word_1_876' title='bbox 1688 5549 1716 5593; x_wconf 91' lang='lat' dir='ltr'><strong>et</strong></span> <span class='ocrx_word' id='word_1_877' title='bbox 1732 5538 1856 5593; x_wconf 85' lang='lat' dir='ltr'><strong>fidelibus</strong></span> <span class='ocrx_word' id='word_1_878' title='bbox 1866 5536 2015 5593; x_wconf 87' lang='lat' dir='ltr'><strong>evidentior</strong></span> 
     </span>
     <span class='ocr_line' id='line_1_116' title="bbox 1224 5627 2014 5707; baseline -0.014 -16"><span class='ocrx_word' id='word_1_879' title='bbox 1224 5638 1332 5707; x_wconf 75' lang='lat' dir='ltr'><strong>largitas</strong></span> <span class='ocrx_word' id='word_1_880' title='bbox 1350 5635 1475 5690; x_wconf 86' lang='lat' dir='ltr'><strong>bonitatis</strong></span> <span class='ocrx_word' id='word_1_881' title='bbox 1490 5632 1535 5687; x_wconf 86' lang='lat' dir='ltr'><strong>Dei</strong></span> <span class='ocrx_word' id='word_1_882' title='bbox 1546 5639 1597 5694; x_wconf 87' lang='lat' dir='ltr'><strong>est,</strong></span> <span class='ocrx_word' id='word_1_883' title='bbox 1610 5629 1680 5699; x_wconf 90' lang='lat' dir='ltr'><strong>quod</strong></span> <span class='ocrx_word' id='word_1_884' title='bbox 1695 5630 1774 5685; x_wconf 88' lang='lat' dir='ltr'><strong>etiam</strong></span> <span class='ocrx_word' id='word_1_885' title='bbox 1786 5627 2014 5700; x_wconf 83' lang='lat' dir='ltr'><strong>parttrlis,quibus</strong></span> 
     </span>
     <span class='ocr_line' id='line_1_117' title="bbox 1223 5715 2014 5786; baseline -0.016 -3"><span class='ocrx_word' id='word_1_886' title='bbox 1223 5728 1372 5783; x_wconf 69' lang='lat' dir='ltr'><strong>obedientia</strong></span> <span class='ocrx_word' id='word_1_887' title='bbox 1398 5741 1451 5779; x_wconf 84' lang='lat' dir='ltr'><strong>trun</strong></span> <span class='ocrx_word' id='word_1_888' title='bbox 1469 5733 1511 5779; x_wconf 87' lang='lat' dir='ltr'><strong>est</strong></span> <span class='ocrx_word' id='word_1_889' title='bbox 1527 5723 1598 5777; x_wconf 91' lang='lat' dir='ltr'><strong>illius</strong></span> <span class='ocrx_word' id='word_1_890' title='bbox 1615 5722 1701 5777; x_wconf 78' lang='lat' dir='ltr'><strong>utatis</strong></span> <span class='ocrx_word' id='word_1_891' title='bbox 1717 5731 1746 5776; x_wconf 93' lang='lat' dir='ltr'><strong>nt</strong></span> <span class='ocrx_word' id='word_1_892' title='bbox 1758 5721 1846 5786; x_wconf 85' lang='lat' dir='ltr'><strong>detur,</strong></span> <span class='ocrx_word' id='word_1_893' title='bbox 1860 5719 1938 5773; x_wconf 87' lang='lat' dir='ltr'><strong>datur</strong></span> <span class='ocrx_word' id='word_1_894' title='bbox 1957 5715 2014 5771; x_wconf 76' lang='lat' dir='ltr'><strong>bne</strong></span> 
     </span>
     <span class='ocr_line' id='line_1_118' title="bbox 1223 5805 2012 5890; baseline -0.015 -17"><span class='ocrx_word' id='word_1_895' title='bbox 1223 5820 1317 5890; x_wconf 79' lang='lat' dir='ltr'><strong>gratia.</strong></span> <span class='ocrx_word' id='word_1_896' title='bbox 1332 5816 1384 5871; x_wconf 88' lang='lat' dir='ltr'><strong>ista</strong></span> <span class='ocrx_word' id='word_1_897' title='bbox 1406 5817 1484 5885; x_wconf 78' lang='lat' dir='ltr'><strong>igitur</strong></span> <span class='ocrx_word' id='word_1_898' title='bbox 1503 5830 1550 5869; x_wconf 85' lang='lat' dir='ltr'><strong>sna</strong></span> <span class='ocrx_word' id='word_1_899' title='bbox 1564 5815 1632 5870; x_wconf 88' lang='lat' dir='ltr'><strong>dona</strong></span> <span class='ocrx_word' id='word_1_900' title='bbox 1647 5815 1857 5885; x_wconf 82' lang='lat' dir='ltr'><strong>qmbuscumqne</strong></span> <span class='ocrx_word' id='word_1_901' title='bbox 1877 5808 1947 5864; x_wconf 85' lang='lat' dir='ltr'><strong>ileos</strong></span> <span class='ocrx_word' id='word_1_902' title='bbox 1964 5805 2012 5862; x_wconf 88' lang='lat' dir='ltr'><strong>tlo-</strong></span> 
     </span>
     <span class='ocr_line' id='line_1_119' title="bbox 1224 5900 2013 5980; baseline -0.011 -16"><span class='ocrx_word' id='word_1_903' title='bbox 1224 5918 1279 5974; x_wconf 82' lang='lat' dir='ltr'><strong>ont,</strong></span> <span class='ocrx_word' id='word_1_904' title='bbox 1292 5910 1382 5980; x_wconf 90' lang='lat' dir='ltr'><strong>procul</strong></span> <span class='ocrx_word' id='word_1_905' title='bbox 1392 5907 1474 5963; x_wconf 90' lang='lat' dir='ltr'><strong>dubio</strong></span> <span class='ocrx_word' id='word_1_906' title='bbox 1485 5923 1515 5962; x_wconf 89' lang='lat' dir='ltr'><strong>sc</strong></span> <span class='ocrx_word' id='word_1_907' title='bbox 1531 5907 1692 5962; x_wconf 80' lang='lat' dir='ltr'><strong>donatorum</strong></span> <span class='ocrx_word' id='word_1_908' title='bbox 1704 5915 1765 5962; x_wconf 72' lang='lat' dir='ltr'><strong>csse</strong></span> <span class='ocrx_word' id='word_1_909' title='bbox 1775 5900 1928 5975; x_wconf 78' lang='lat' dir='ltr'><strong>prescivit,</strong></span> <span class='ocrx_word' id='word_1_910' title='bbox 1942 5909 1970 5957; x_wconf 89' lang='lat' dir='ltr'><strong>et</strong></span> <span class='ocrx_word' id='word_1_911' title='bbox 1986 5900 2013 5956; x_wconf 93' lang='lat' dir='ltr'><strong>in</strong></span> 
     </span>
     <span class='ocr_line' id='line_1_120' title="bbox 1225 5991 2013 6072; baseline -0.013 -16"><span class='ocrx_word' id='word_1_912' title='bbox 1225 6019 1271 6056; x_wconf 84' lang='lat' dir='ltr'><strong>sna</strong></span> <span class='ocrx_word' id='word_1_913' title='bbox 1284 6001 1450 6072; x_wconf 68' lang='lat' dir='ltr'><strong>praescientia</strong></span> <span class='ocrx_word' id='word_1_914' title='bbox 1466 6000 1633 6071; x_wconf 66' lang='lat' dir='ltr'><strong>preparavit.</strong></span> <span class='ocrx_word' id='word_1_915' title='bbox 1645 6000 1716 6065; x_wconf 80' lang='lat' dir='ltr'><strong>Qttus</strong></span> <span class='ocrx_word' id='word_1_916' title='bbox 1725 6010 1789 6065; x_wconf 72' lang='lat' dir='ltr'><strong>ergo</strong></span> <span class='ocrx_word' id='word_1_917' title='bbox 1802 5991 2013 6064; x_wconf 73' lang='lat' dir='ltr'><strong>prrrtlolinatit,</strong></span> 
     </span>
    </p>
   </div>
   <div class='ocr_carea' id='block_1_11' title="bbox 0 0 2454 6886">
    <p class='ocr_par' dir='ltr' id='par_1_15' title="bbox 0 0 2454 6886">
     <span class='ocr_line' id='line_1_121' title="bbox 0 0 2454 6886; baseline 0 0"><span class='ocrx_word' id='word_1_918' title='bbox 0 0 2454 6886; x_wconf 95' lang='lat' dir='ltr'><strong> </strong></span> 
     </span>
    </p>
   </div>
  </div>
 </body>
</html>
