4900 6892
403 632 471 692 itas

402 746 446 801 iiia
460 760 521 817 quc
535 759 585 801 nee
596 743 786 800 beatitudinem
806 740 928 810 capiunt,
945 740 1042 795 misera
1063 754 1124 795 csse
1144 754 1197 794 non

404 846 536 908 pessunt:
552 836 599 891 sed
619 849 744 907 magnum
761 841 803 888 est
816 832 851 886 ita
865 831 970 886 beatam
985 846 1045 886 esse
1057 840 1197 896 naturam,

405 937 436 985 ut
449 930 547 984 misera
566 941 626 984 esse
639 942 692 982 non
706 925 802 996 possit.
817 923 895 993 Quod
914 924 965 980 etsi
985 920 1071 993 majus
1084 929 1135 991 εει,
1149 936 1200 977 nec

406 1017 472 1074 illud
484 1031 593 1087 pierium
607 1025 659 1083 est,
673 1017 700 1070 in
714 1031 745 1071 ea
761 1015 925 1071 beatitudine
936 1012 1071 1069 conditam
1082 1012 1200 1069 liominis

404 1122 467 1163 esse
481 1115 617 1173 natumm,
638 1115 667 1161 ut
678 1105 700 1160 si
713 1106 813 1171 uellet,
831 1112 923 1175 posset
940 1117 1000 1159 esse
1021 1118 1074 1157 noo
1089 1104 1199 1158 misera.

405 1197 451 1252 Sic
460 1207 550 1252 antem
560 1195 686 1251 dicuntur
698 1197 788 1251 omnia
801 1195 870 1250 laeta
883 1193 918 1249 de
932 1193 1032 1260 nihilo,
1048 1192 1073 1248 id
1094 1200 1152 1257 est,
1167 1207 1200 1246 ex

406 1285 449 1341 liis
463 1301 524 1357 quse
537 1285 612 1342 nulla
622 1286 728 1353 erant‘,
742 1294 772 1340 ut
782 1284 970 1355 intelligamus,
986 1281 1112 1353 quidquid
1123 1296 1156 1337 ex
1167 1296 1201 1337 eo

406 1379 506 1436 lactum
520 1388 562 1436 εει
576 1378 716 1451 quodiam
729 1388 797 1443 erat,
819 1377 852 1433 ad
865 1377 996 1448 originem
1011 1377 1124 1447 primam
1140 1388 1201 1431 esse

406 1470 588 1529 referendum.
603 1470 642 1527 ne
656 1479 726 1526 terra
739 1469 810 1526 euim
821 1484 900 1535 earo;
913 1469 960 1525 sed
975 1477 1044 1524 terra
1058 1469 1092 1524 ιε
1106 1468 1199 1523 ιιῑιιιιο.

409 1562 455 1619 Sic
467 1564 538 1618 cuitu
553 1562 668 1620 dicimus
690 1563 770 1619 etiam
792 1578 888 1618 omnes
908 1562 1032 1618 homiues
1051 1576 1111 1618 esse
1132 1562 1203 1619 lilios

351 1702 359 1717 .
410 1652 507 1718 Adam,
521 1669 582 1709 euni
596 1653 729 1726 patrissui
739 1653 986 1725 quisquesitlilius.
998 1652 1090 1708 Omnia
1101 1660 1201 1720 tameo,

410 1760 471 1814 quae
484 1745 551 1802 licta
566 1753 638 1815 sunt,
654 1746 791 1801 mutabilia
805 1754 884 1812 sunt,
900 1746 962 1816 quia
982 1745 1016 1802 de
1037 1747 1119 1801 niliilo
1134 1746 1203 1804 lacta

410 1843 483 1904 ειιιιι,
497 1836 525 1893 ιι
545 1846 597 1905 εει,
613 1853 666 1893 nou
681 1836 805 1903 luerunt,
826 1846 855 1894 ct
869 1838 927 1894 lieo
939 1836 1055 1895 iaciente
1075 1848 1153 1905 sunt,
1176 1850 1205 1896 et

411 1926 480 1982 bona
494 1936 575 1983 suist:
591 1927 691 1984 abono
710 1929 782 1984 euim
798 1928 866 1984 lacta
882 1937 961 1996 sunt;
975 1944 1025 1985 nec
1038 1932 1148 1986 omnino
1160 1946 1204 1986 εε-

411 2028 472 2074 scut
486 2019 623 2076 mutabilia
636 2020 707 2076 bona
719 2020 789 2088 ulla,
803 2021 830 2075 iii
843 2031 972 2092 quantumi
988 2032 1059 2085 sunt,
1072 2023 1121 2078 nisi
1132 2033 1205 2080 esset

410 2123 501 2181 aquo
518 2117 690 2177 crearentur,
713 2110 878 2167 immutabile
901 2112 1010 2167 bonum.
1032 2113 1099 2168 blala
1126 2113 1205 2185 igitur

411 2199 512 2266 ειιιιιιιι,
525 2215 587 2271 quac
605 2200 672 2256 nihil
686 2211 749 2257 sunt
763 2202 836 2257 aliud
850 2218 929 2273 quam
945 2204 1109 2273 privationes
1122 2205 1206 2263 bono-

412 2307 483 2360 rum,
496 2307 529 2347 ex
543 2291 620 2348 bonis
637 2302 697 2348 orta
715 2301 794 2359 suut,
808 2293 856 2350 εει
869 2295 1042 2352 mutabilibus
1058 2313 1064 2349 :
1081 2305 1108 2352 et
1122 2312 1206 2368 auge·

411 2383 468 2439 lum
486 2384 584 2455 quiippe
604 2393 632 2441 et
645 2384 799 2453 hominem,
813 2403 846 2442 ex
867 2387 964 2457 quibus
977 2395 1035 2444 orta
1055 2399 1118 2444 ειιιιι
1136 2390 1206 2453 uiala

412 2478 485 2546 (quae
496 2483 585 2531 tanuen
596 2484 624 2532 ει
635 2491 687 2532 uon
701 2477 766 2533 oriri
778 2479 936 2548 potuissent,
947 2480 969 2535 si
983 2479 1022 2534 illi
1036 2495 1148 2550 peceare
1159 2496 1207 2538 ιε·

414 2567 537 2634 luissent,
553 2569 616 2639 quia
629 2578 658 2625 et
672 2569 744 2626 uollc
758 2571 930 2642 potuemnt),
944 2580 1053 2628 notitias
1066 2573 1150 2630 bonas
1162 2589 1207 2630 re-

413 2666 468 2725 cte,
486 2658 666 2714 immutabiles
684 2669 775 2714 autem
793 2676 846 2715 nori
864 2669 937 2716 recte
949 2676 1091 2732 possumus
1106 2664 1206 2720 dicere.

414 2750 485 2805 ιιειιε
497 2765 561 2805 uero
574 2758 628 2805 tam
641 2749 791 2817 bonusest,
806 2761 835 2807 ut
848 2753 924 2807 malis
938 2769 1045 2824 qumque
1058 2763 1148 2809 utatur
1162 2756 1208 2812 be-

414 2855 460 2907 ne,
475 2857 535 2910 qum
557 2840 734 2912 Omnipotens
753 2859 814 2899 esse
833 2859 886 2898 uon
902 2845 1019 2913 sineret,
1036 2848 1058 2901 si
1080 2847 1119 2902 eis
1139 2847 1208 2904 bene

414 2931 453 2986 uti
468 2946 572 2987 summa
586 2946 633 2987 sua
648 2932 768 2990 bonitate
791 2948 844 2988 noo
866 2945 957 3003 posset
972 2954 979 2990 :
995 2945 1022 2992 ει
1036 2937 1098 2992 liiiic
1121 2943 1208 3007 potins

413 3022 549 3093 impotens
569 3032 712 3094 appareret
728 3034 757 3080 ct
780 3024 869 3079 miuus
893 3026 990 3093 botius,
1015 3042 1069 3082 non
1093 3027 1209 3085 calendo
1234 3006 1243 3021 ⁰

414 3116 485 3173 bene
497 3115 536 3170 uti
550 3116 631 3172 etiarn
648 3117 728 3172 malo.
744 3116 860 3173 Proinde
879 3126 907 3172 tu
920 3133 1018 3188 negare
1033 3134 1085 3174 nou
1099 3120 1207 3190 sinetis,

405 3221 476 3261 eum
486 3205 532 3276 qui
542 3205 616 3273 dicit,
629 3205 704 3273 Quod
713 3208 772 3263 nolo
783 3206 889 3276 annium,
902 3209 950 3263 lma
961 3226 1044 3281 upon
1058 3212 1209 3268 necessario

411 3300 467 3368 lani
481 3298 579 3354 malum
592 3298 749 3370 sumpsisse,
765 3314 845 3356 riona
861 3300 991 3371 possibili.
1003 3300 1060 3356 Non
1071 3302 1159 3373 igitur,
1179 3312 1209 3359 ut

414 3387 492 3454 dieis,
512 3406 521 3441 ι
535 3389 623 3444 omnis
635 3389 704 3444 actio
719 3390 781 3444 mali
793 3404 872 3444 noua
885 3390 1046 3460 necessario,
1059 3390 1106 3447 scd
1120 3407 1135 3447 a
1147 3407 1209 3462 pns-

414 3480 506 3535 sibili:
526 3498 536 3532 s
561 3495 653 3536 cerum
674 3480 802 3536 nonnulla
816 3488 844 3536 ει
862 3495 877 3535 a
897 3483 1049 3537 necessario
1067 3482 1209 3554 reperitur.

415 3568 567 3626 videnum
581 3580 610 3626 ut
625 3580 668 3625 tua
683 3571 844 3627 machinatio
866 3579 920 3626 tam
942 3572 1078 3629 elaborata
1092 3573 1208 3645 collapsa

414 3658 460 3716 ιιι.
474 3659 527 3717 Sed
542 3662 670 3733 quei-enti
685 3661 756 3718 ιιιιιε
775 3662 898 3717 uoluntas
910 3662 979 3717 mala
994 3663 1142 3720 innomine
1156 3664 1210 3735 pri·

415 3767 461 3807 uro
473 3753 615 3818 exstiterit,
630 3754 733 3809 eusitius
743 3754 907 3824 respondere
921 3762 947 3810 tc
959 3762 1046 3825 putas,
1061 3773 1072 3807 ι
1088 3755 1209 3811 liemotu

414 3842 509 3911 animi,
520 3854 632 3913 cogente
647 3844 720 3900 nullo
734 3861 741 3898 :
756 3863 767 3897 i
781 3844 857 3915 quasi
869 3859 922 3900 non
935 3845 1014 3901 citius
1023 3855 1051 3902 et
1061 3846 1210 3917 expeditius

416 3932 604 4004 responderes,
621 3934 659 3990 Dc
678 3933 786 3989 bomine
801 3935 869 4005 ipso.
884 3934 948 3990 lllud
961 3936 1059 4007 quiippe
1079 3937 1149 4008 quod
1163 3940 1210 3995 ad·

415 4024 498 4092 ditur,
517 4043 527 4078 ι
543 4033 654 4097 cogente
673 4026 758 4094 nullo,
774 4046 783 4078 i
810 4027 890 4082 etiam
905 4026 949 4085 liie
962 4028 1022 4084 addi
1035 4045 1051 4084 a
1065 4038 1091 4087 te
1104 4032 1208 4101 potuit,

417 4117 560 4174 resistente
574 4118 621 4173 tilii
639 4118 722 4173 nullo.
735 4117 799 4186 Quis
813 4120 884 4175 enim
904 4120 1101 4178 tibiaeststeiet
1111 4122 1210 4181 dicenti

416 4222 498 4275 uem,
513 4209 536 4263 si
549 4208 670 4277 diceres,
691 4208 760 4264 liala
778 4209 901 4266 uoluntas
916 4211 941 4266 in
957 4211 1064 4269 lioniine
1076 4215 1163 4284 primo
1176 4214 1211 4272 de

417 4298 526 4355 bomine
539 4299 596 4370 ipso
608 4300 710 4355 exstitit
721 4309 833 4372 cogente
845 4302 918 4357 nullo
927 4303 940 4358 ι
950 4301 1026 4360 Nunc
1035 4319 1099 4360 uero
1113 4305 1210 4363 timens

417 4390 526 4461 culpare
539 4399 672 4458 naturam,
685 4399 810 4463 tanquam
824 4390 887 4448 binc
898 4392 926 4447 in
939 4392 998 4463 ejus
1009 4402 1144 4451 aitetorciii
1158 4397 1210 4452 ulla

338 4534 349 4549 ,
418 4490 540 4539 recurrat
555 4481 664 4552 injuria,
676 4490 704 4537 et
718 4482 789 4553 qnod
802 4483 847 4539 dis
860 4484 997 4553 uolebas¹,
1019 4487 1161 4558 aliquando
1171 4488 1212 4544 di·

418 4573 492 4641 xisti,
506 4581 534 4629 et
545 4588 561 4627 a
573 4581 666 4628 natura
681 4587 735 4628 oon
750 4573 894 4629 recessisti.
910 4575 1022 4632 dnimus
1036 4593 1149 4649 namque
1165 4595 1212 4634 na-

419 4673 477 4720 tura
489 4672 532 4720 est
546 4680 554 4717 a
570 4671 597 4719 ει
611 4678 644 4719 ea
656 4662 781 4735 quidem⁸
794 4664 822 4719 iu
838 4662 955 4719 hominis
969 4666 1135 4729 institutione
1148 4684 1210 4724 eor-

417 4770 483 4826 pore
503 4755 615 4823 melior,
634 4755 670 4812 de
688 4755 764 4826 cujus
777 4763 868 4821 motu,
883 4765 995 4827 cogente
1016 4759 1099 4827 iiullo,
1113 4761 1209 4817 malam

417 4846 583 4903 uoluntatem
602 4847 737 4903 exstitisse
748 4844 849 4902 dixisti.
873 4846 990 4904 Videsne
1014 4864 1067 4904 non
1093 4851 1211 4920 potuisse

419 4938 471 4994 nisi
483 4938 606 4994 alicunde
618 4940 745 5004 existere,
756 4939 828 5010 qood
841 4954 940 5010 negare
954 4954 1007 4996 non
1020 4941 1126 5009 sineris,
1137 4952 1212 4999 aute·

417 5042 499 5098 quani
512 5027 650 5094 existeret,
664 5042 717 5083 non
738 5028 842 5085 luisset
861 5029 930 5097 Quid
945 5040 1033 5087 autem
1048 5046 1115 5102 opus
1127 5041 1212 5092 estut

418 5126 554 5190 quaeratur
567 5117 638 5173 ιιιιιε
651 5118 733 5172 ειιῑιιι
752 5127 851 5186 motus,
866 5134 927 5175 eum
941 5121 1006 5176 satis
1018 5133 1146 5194 appareat
1156 5139 1211 5182 oon

419 5210 539 5281 potuisse
559 5208 640 5263 animi
653 5217 753 5264 motum
768 5209 819 5265 nisi
831 5209 866 5266 de
884 5210 974 5267 animo
987 5213 1119 5270 existere?
1134 5215 1211 5282 Quod

418 5305 441 5359 si
455 5302 682 5373 impudentissime
692 5311 772 5374 atque
786 5303 960 5361 insulsissime
972 5321 1065 5377 negas,
1078 5307 1165 5364 adlxuc
1176 5324 1211 5365 ex

325 5382 338 5403 ⁸
419 5403 446 5448 ιε
460 5393 599 5463 quaeritur,
611 5394 681 5448 unde
691 5393 824 5450 exstiterit
833 5395 859 5449 in
870 5395 979 5452 bomine
992 5398 1078 5468 primo
1087 5399 1210 5456 noluntas

419 5483 490 5539 iiiala
505 5500 511 5536 :
527 5496 579 5538 nec
594 5482 650 5553 iam
663 5483 824 5553 permitteris
835 5485 935 5555 dicere,
953 5505 963 5540 a
980 5488 1018 5545 bc
1030 5497 1103 5544 motu
1116 5492 1209 5559 animi,

418 5581 531 5647 cogente
540 5572 630 5638 nullo;
644 5592 654 5626 s
669 5574 730 5643 quia
742 5574 799 5645 ipsc
811 5578 894 5633 animi
905 5586 993 5635 motus
1002 5588 1114 5650 cogente
1124 5581 1209 5646 titillo,

417 5670 541 5724 uoluntas
562 5674 616 5722 εει.
636 5665 812 5737 Quapropter,
829 5669 880 5726 liuc
902 5678 944 5726 est
963 5670 1067 5737 dicere,
1081 5671 1211 5728 Voluntas

418 5758 518 5816 cssdtit
530 5757 565 5815 de
576 5755 659 5813 animi
670 5767 755 5825 motu,
770 5759 841 5830 quod
854 5768 894 5817 est
903 5760 1003 5828 dicere,
1018 5762 1105 5819 lliiiiui
1121 5770 1210 5819 motus

449 5932 754 5994 ‘stameditlauteum
784 5933 1022 5988 uoedsnnlloemnt.

448 5995 723 6055 'vetuxondesl'oet.,
791 5993 842 6047 bos.

449 6055 812 6123 ιιιειιεεΛιιιιιςιι,ειιιμιιε.
865 6136 869 6145 Ι

756 627 877 687 OPERIS
895 625 1103 683 ittettttrssctt
1121 624 1258 682 CONTRA
1279 624 1459 694 attttsntttt,
1478 625 1507 684 S.
1526 624 1710 685 abobsttm

1978 626 2049 684 ttst

1253 740 1353 794 exstitit
1364 739 1397 795 de
1410 741 1490 796 animi
1505 749 1594 810 motii,
1610 750 1666 808 aut,
1687 740 1818 799 Voluntas
1831 742 1935 799 exstitit
1948 743 1984 799 de
1999 758 2047 800 ro-

1253 829 1353 885 luotatc
1361 831 1381 884 ¹.
1395 831 1436 886 An
1451 831 1516 886 dicis
1528 831 1599 887 lione
1613 840 1714 887 motum
1731 832 1765 888 de
1778 847 1807 888 se
1821 833 1879 903 ipso
1891 835 2047 904 exstitisse,

1253 936 1306 976 noo
1321 921 1354 977 de
1366 922 1472 988 atriano,
1493 938 1525 977 ne
1539 922 1601 978 liiiio
1620 929 1713 977 natum
1729 921 1814 990 bona,
1829 923 1855 978 id
1869 934 1928 992 cst,
1942 926 2047 981 uiuimus

1253 1012 1310 1084 ipse
1323 1014 1462 1084 culpetur?
1474 1013 1531 1070 Nou
1548 1029 1611 1085 ergo
1633 1013 1695 1069 inde
1717 1013 1881 1071 damnetur:
1897 1016 1958 1087 quis
1977 1019 2048 1075 enini

1253 1104 1315 1163 iude
1330 1106 1398 1163 lexat
1410 1108 1527 1162 animum
1537 1105 1596 1176 jure
1608 1104 1738 1173 damnari,
1753 1106 1825 1163 unde
1837 1123 1891 1163 non
1908 1107 2044 1179 potestjn·

1254 1214 1284 1254 re
1297 1199 1419 1269 culpari?
1432 1197 1484 1254 Sed
1495 1198 1571 1266 dicis,
1587 1196 1669 1253 ‹ldeo
1681 1200 1801 1269 peccavit
1816 1198 1908 1265 homo,
1922 1200 1984 1270 qnia
2000 1214 2045 1255 sn-

1254 1291 1320 1358 luit;
1343 1291 1402 1348 idco
1424 1290 1517 1347 habuit
1534 1291 1697 1347 voluntatem
1716 1292 1823 1358 malam,
1845 1294 1907 1363 quia
1921 1293 2013 1348 voluit.
2034 1312 2043 1344 i

1255 1380 1400 1438 verissime
1414 1382 1499 1438 dicis:
1515 1381 1563 1437 sed
1581 1382 1604 1437 si
1620 1382 1666 1437 lux
1686 1382 1834 1439 clarissima
1854 1384 1974 1440 tenebrae
1995 1399 2046 1440 non

1254 1482 1326 1538 sunt,
1338 1472 1372 1528 de
1383 1473 1429 1529 illo
1442 1474 1545 1530 exstitit
1565 1474 1635 1528 mala
1648 1474 1783 1543 voluntas,
1798 1476 1859 1545 quia
1882 1476 1976 1531 uoluit.
1992 1476 2046 1533 lloo

1255 1563 1326 1619 enim
1344 1563 1475 1631 dicimus,
1495 1573 1523 1618 ut
1540 1564 1726 1631 calumniaris,
1741 1574 1769 1621 et
1783 1575 1812 1621 ut
1824 1581 1873 1622 nos
1886 1567 1968 1622 etiam
1982 1567 2048 1623 scri·

1256 1655 1341 1724 psissc
1363 1654 1501 1720 incutitis,
1526 1673 1536 1705 ι
1552 1666 1640 1710 motus
1660 1658 1711 1711 tste
1729 1655 1798 1711 uiide
1818 1671 1877 1713 esse
1896 1659 2048 1729 compulsus

1255 1745 1290 1799 sit
1306 1763 1315 1795 ι
1332 1745 1379 1800 εει
1401 1746 1474 1801 ιιιιιιο
1492 1747 1668 1816 compellente
1688 1746 1759 1803 unde
1778 1748 1926 1817 exstiterit,
1949 1750 2009 1819 quia
2022 1760 2049 1808 ει

1256 1836 1330 1890 nullo
1344 1835 1522 1906 compellente
1535 1847 1623 1892 taisson
1636 1838 1752 1906 exstitit,
1768 1847 1794 1894 ct
1808 1840 1915 1895 nonnisi
1930 1840 2049 1897 alicunde

1256 1926 1373 1982 existere
1386 1935 1505 1996 poterat,
1526 1927 1597 1999 quod
1612 1938 1754 1998 antequam
1768 1930 1896 1986 existeret
1913 1946 1969 1987 nou
1982 1940 2048 1987 erat.

1257 2017 1285 2074 Si
1297 2034 1361 2089 ergo
1373 2019 1455 2074 liomo
1464 2018 1558 2086 soluit,
1572 2019 1606 2076 de
1620 2020 1729 2075 lioniixie
1742 2022 1843 2077 exstitit
1856 2038 1863 2076 ε
1879 2029 1908 2077 ει
1921 2023 1984 2094 quid
1994 2033 2051 2078 erat

1258 2109 1350 2177 litimo,
1365 2117 1505 2182 antequam
1519 2109 1552 2165 de
1567 2109 1613 2166 illo
1627 2112 1762 2179 existeret,
1773 2112 1825 2168 nisi
1838 2123 1932 2167 natura
1947 2114 2015 2169 bona
2024 2121 2050 2171 ει

1258 2198 1356 2254 bonum
1373 2215 1439 2270 opos
1454 2200 1521 2254 liei?
1535 2200 1611 2268 Quod
1634 2209 1676 2256 est
1697 2202 1776 2256 etiam
1797 2200 1882 2256 malus
1904 2202 2004 2269 bomo,
2024 2205 2049 2259 in

1258 2298 1385 2360 quantum
1399 2289 1480 2345 borno
1493 2299 1535 2346 εει
1546 2300 1573 2347 ει
1588 2305 1654 2362 opus
1670 2291 1726 2346 Dei.
1738 2290 1922 2347 Goiiluudutur
1931 2308 1996 2363 erqo
2005 2307 2051 2349 sua

1259 2382 1373 2436 sanitate
1386 2380 1519 2449 tatianum
1535 2382 1660 2453 quoniam
1675 2397 1708 2437 ex
1724 2382 1801 2437 bouis
1819 2397 1879 2438 esse
1897 2383 1968 2438 mala
1982 2393 2049 2450 orta,

1259 2474 1370 2527 uerum·
1384 2472 1450 2527 dixit
1460 2473 1616 2529 Ambrosius
1630 2473 1680 2545 (De
1694 2473 1770 2529 laune
1784 2484 1807 2528 et
1817 2475 1920 2540 tutan,
1931 2492 1990 2546 cop.
2004 2476 2050 2547 'lla

1259 2562 1306 2617 sed
1316 2562 1377 2633 quia
1385 2572 1496 2634 cogente
1507 2564 1589 2630 titillo,
1601 2565 1748 2637 inculpatus
1756 2576 1796 2620 est
1807 2566 1876 2622 [letis
1887 2584 1894 2622 :
1907 2567 1979 2639 quod
1991 2583 2053 2625 iem

1259 2668 1290 2707 ea
1301 2654 1421 2723 permisit
1430 2655 1556 2720 existere,
1570 2671 1618 2710 usu
1626 2671 1718 2711 eorum
1728 2656 1801 2726 justo
1811 2666 1838 2712 ει
1851 2656 1922 2713 bono
1933 2658 2053 2715 laudatur

1259 2748 1398 2818 insignius.

1295 2839 1362 2896 tlt.
1378 2840 1437 2896 lna.
1454 2841 1583 2896 Voluntas
1596 2855 1674 2912 erqo,
1686 2856 1746 2912 qun
1759 2842 1824 2897 uiliil
1834 2852 1875 2898 εει
1885 2842 1958 2899 aliud
1970 2858 2049 2915 quant

1260 2941 1348 2988 motus
1361 2932 1442 2987 aniuii
1456 2943 1568 3003 cogente
1583 2933 1673 3000 nullo,
1690 2933 1893 3002 possibilitatem
1909 2950 1986 2990 suam
2001 2950 2050 2991 ua·

1260 3029 1327 3077 turae
1352 3021 1451 3088 debet,
1476 3022 1598 3077 ellectum
1623 3038 1699 3077 situm
1722 3022 1783 3077 sibi.
1813 3023 1840 3078 ln
1866 3034 1960 3078 natura
1982 3024 2053 3080 cuim

1260 3122 1353 3167 exorta
1371 3123 1431 3181 est,
1447 3113 1494 3168 sed
1510 3128 1524 3166 a
1539 3113 1676 3184 possibili,
1690 3129 1742 3168 uon
1758 3130 1772 3169 a
1786 3116 1951 3170 necessario.
1968 3116 2017 3171 llic
2030 3117 2053 3172 si

1260 3204 1333 3261 dieat
1345 3205 1459 3277 aliquis,
1474 3204 1527 3260 Sed
1541 3205 1610 3260 mala
1630 3215 1741 3271 tritura,
1765 3221 1824 3275 quac
1845 3209 1933 3276 potuit
1955 3206 2054 3264 babere

1260 3297 1424 3352 voluntatem
1444 3296 1541 3351 iiialam
1557 3314 1563 3351 :
1581 3295 1749 3366 respondeo,
1771 3296 1824 3353 Sed
1843 3297 1914 3352 bona
1936 3305 2052 3366 natura,

1260 3403 1320 3461 quiae
1330 3388 1416 3459 potuit
1428 3388 1526 3444 babere
1537 3389 1700 3442 uoluntatem
1714 3387 1823 3442 bonam.
1836 3387 1894 3445 Uno
1906 3404 1973 3459 crgo
1986 3398 2054 3445 teni·

1261 3494 1327 3549 pore
1339 3479 1438 3550 optima
1454 3479 1534 3534 simul
1549 3479 1842 3551 pessimaquedicctur.
1863 3482 1898 3536 ιι
1917 3481 1944 3536 id
1964 3496 2054 3537 reruni

1261 3569 1330 3625 ratio
1356 3586 1409 3625 non
1436 3570 1520 3638 sinit,
1547 3578 1577 3624 ιιι
1600 3585 1654 3625 uno
1680 3569 1828 3641 eodemque
1856 3581 1976 3643 tempore
2002 3586 2052 3627 una

1261 3661 1407 3732 cademque
1420 3676 1464 3716 res
1479 3661 1622 3716 contrariis
1637 3662 1793 3717 meritorum
1812 3662 1985 3735 qualitatibus
2004 3664 2053 3719 iiu-

1261 3753 1375 3825 plcatur.
1388 3753 1416 3807 Si
1432 3752 1512 3822 igitur
1526 3751 1586 3807 ideo
1601 3751 1670 3806 mala
1684 3762 1791 3822 putetur
1803 3793 1811 3821 ,
1825 3754 1887 3823 quia
1901 3755 1988 3824 potuit
1998 3770 2052 3810 tua·

1262 3846 1316 3900 lum
1336 3843 1445 3909 laeerc3
1466 3843 1526 3898 ideo
1544 3843 1613 3899 bona
1625 3844 1767 3910 credatur,
1780 3844 1842 3914 quia
1857 3847 1945 3914 potuit
1957 3846 2052 3902 bonum

1261 3933 1377 4005 operari.
1392 3932 1446 3989 Cur
1460 3944 1548 3988 autem
1561 3975 1568 3996 ,
1582 3933 1685 4004 iuquit,
1707 3942 1734 3988 ει
1752 3934 1853 3988 malum
1878 3934 1982 4005 potuit,
1998 3951 2054 4008 quae

1262 4025 1362 4081 borium
1380 4024 1562 4095 operabatur?
1581 4024 1758 4095 despondeo,
1777 4025 1844 4093 Quia
1866 4025 1968 4081 bouum
1989 4026 2052 4093 buc,

1264 4118 1334 4189 quod
1357 4118 1442 4172 uirtus
1465 4117 1580 4184 dieitur,
1606 4117 1744 4186 proprium
1767 4131 1827 4171 esse
1854 4133 1908 4171 uoti
1932 4126 2052 4188 poterat,

1262 4210 1314 4265 iiisi
1342 4209 1435 4265 luisset
1458 4209 1657 4265 uoluntarium:
1681 4209 1860 4264 uoluntarium
1886 4219 1978 4266 autem
2003 4228 2052 4267 uon

1261 4311 1350 4371 esset,
1365 4303 1387 4357 si
1401 4304 1586 4359 necessitatem
1607 4302 1670 4357 boui
1690 4302 1827 4358 imbuisset
1843 4319 1850 4356 ε
1868 4304 2053 4360 necessitatem

1262 4405 1350 4450 autem
1366 4394 1428 4449 boui
1443 4392 1616 4464 pei-tulisset,
1633 4392 1656 4447 si
1671 4408 1725 4447 uon
1739 4392 1876 4448 habuisset
1890 4395 2053 4465 possibilita-

1263 4495 1317 4543 tem
1332 4486 1405 4542 mali.
1419 4486 1532 4557 biarga
1553 4494 1689 4541 constaret
1705 4485 1750 4556 jos
1771 4485 1834 4541 boni
1846 4486 1868 4553 ⁸,
1884 4487 2003 4546 adnuisse
2016 4496 2055 4545 est

1262 4578 1423 4649 possibilitas
1436 4577 1506 4632 ntuli.

1299 4670 1365 4725 duo.
1379 4668 1415 4725 tta
1427 4666 1522 4736 uideo,
1535 4683 1584 4723 nec
1597 4667 1694 4723 boiiam
1707 4668 1870 4723 uoluntatem
1884 4668 1924 4722 ris
1939 4669 2054 4727 tribucre

1263 4771 1384 4829 naturae,
1400 4761 1508 4833 quando
1521 4769 1563 4817 est
1576 4761 1658 4817 homo
1672 4761 1794 4832 primitus
1813 4762 1937 4818 conditus
1954 4781 1962 4817 t
1982 4762 2054 4835 quasi

1263 4870 1315 4909 uon
1331 4855 1445 4924 potuerit
1460 4854 1530 4909 Deus
1545 4853 1681 4909 hominem
1696 4852 1786 4910 lucere
1800 4855 1944 4912 uoluntatis
1957 4856 2054 4922 bonan

1262 4945 1289 5001 io
1302 4961 1353 5017 qna
1376 4962 1437 5001 eum
1458 4957 1546 5002 tameo
1567 4961 1726 5016 permanere
1747 4962 1800 5002 non
1822 4957 1952 5019 cogeret,
1968 4950 2016 5007 sed
2028 4950 2056 5006 ia

1263 5038 1320 5109 ejus
1333 5048 1403 5093 esset
1417 5037 1527 5093 arbitrio
1541 5038 1600 5093 siue
1613 5039 1638 5093 in
1652 5053 1683 5095 ea
1696 5054 1803 5112 semper
1816 5055 1877 5097 csse
1891 5041 1971 5097 uellet
1983 5046 2056 5107 ,sits

1263 5147 1316 5186 nou
1332 5144 1458 5201 semper,
1474 5130 1566 5186 sodex
1580 5131 1623 5185 itta
1637 5146 1667 5187 se
1685 5133 1712 5187 iii
1732 5133 1828 5187 situlam
1850 5134 1925 5189 nullo
1944 5143 2056 5205 cogente

1263 5231 1397 5288 mutaret,
1411 5221 1480 5276 sicut
1491 5229 1518 5275 ει
1532 5219 1630 5276 lactum
1644 5229 1696 5277 est.
1713 5221 1805 5293 Neque
1825 5223 1994 5279 euiiubomo
2011 5238 2057 5279 ιε-

1263 5315 1389 5370 luntatem
1399 5330 1450 5368 nori
1463 5313 1590 5384 peccandi
1599 5322 1661 5370 εειε
1671 5328 1723 5368 non
1735 5314 1845 5381 babuit,
1856 5323 1909 5370 cta
1920 5316 2056 5371 uoluntate

1263 5405 1391 5478 peccandi
1403 5420 1514 5461 exorsus
1528 5414 1569 5461 εει
1582 5404 1660 5460 sitain
1673 5446 1681 5471 ,
1693 5405 1720 5461 in
1735 5420 1785 5476 qua
1799 5421 1860 5462 euin
1874 5417 1980 5462 rectum
1993 5421 2056 5461 cuo-

1295 5627 1303 5658 ·
1321 5631 1504 5681 ιιιιιιειειειιιιι,
1525 5623 1619 5675 seilicet
1635 5624 1746 5685 acerbo,
1759 5631 1917 5689 Quapropter,
1936 5639 2002 5691 usqu
2028 5623 2058 5676 ιι

1261 5688 1346 5746 nerim,
1362 5685 1393 5736 de
1413 5683 1544 5743 minutato,
1564 5685 1673 5735 addimus
1688 5699 1720 5735 ex
1743 5694 1784 5737 tls.
1797 5694 1929 5738 Portarum.
1949 5697 1999 5751 aga
2049 5718 2058 5747 ,

1261 5750 1287 5798 lu
1315 5746 1418 5811 epistota
1453 5747 1564 5810 spicoma
1594 5747 1624 5796 ad
1661 5755 1839 5810 tmperatores,
1859 5751 1926 5800 addit
1943 5757 2058 5809 uotum,

1261 5809 1327 5884 quod
1342 5810 1449 5860 ιιειιιιιιιιε
1457 5808 1548 5859 nstin
1559 5807 1590 5859 de
1607 5807 1732 5869 uelocitate,
1744 5812 1842 5861 ceteris
1858 5812 1941 5861 turbis
1956 5819 2059 5873 prater-

1261 5884 1350 5922 missis.

1292 5936 1303 5967 ¹
1313 5932 1511 5995 t⁷ignicrius,esse
1521 5929 1586 5982 nmio
1596 5937 1650 5981 orta
1660 5931 1733 5993 dixit,
1741 5935 1837 5993 omissi,
1848 5933 2010 5997 temamqtmd
2018 5932 2058 5985 ltlt

1262 5994 1357 6045 additur
1376 6006 1408 6042 es
1424 5995 1599 6055 manusmtptts.
1641 6054 1646 6064 ἡ

1294 6055 1653 6120 ἐιειιιειιειιιιειειειιι
