<?xml version="1.0" encoding="UTF-8"?>
<!DOCTYPE html PUBLIC "-//W3C//DTD XHTML 1.0 Transitional//EN"
    "http://www.w3.org/TR/xhtml1/DTD/xhtml1-transitional.dtd">
<html xmlns="http://www.w3.org/1999/xhtml" xml:lang="en" lang="en">
 <head>
  <title>
</title>
<meta http-equiv="Content-Type" content="text/html;charset=utf-8" />
  <meta name='ocr-system' content='tesseract 3.04.00' />
  <meta name='ocr-capabilities' content='ocr_page ocr_carea ocr_par ocr_line ocrx_word'/>
</head>
<body>
  <div class='ocr_page' id='page_1' title='image "./patrologiaecurs58unkngoog/patrologiaecurs58unkngoog_0276.png"; bbox 0 0 4900 6892; ppageno 0'>
   <div class='ocr_carea' id='block_1_1' title="bbox 405 618 474 679">
    <p class='ocr_par' dir='ltr' id='par_1_1' title="bbox 405 618 474 679">
     <span class='ocr_line' id='line_1_1' title="bbox 405 618 474 679; baseline -0.058 0"><span class='ocrx_word' id='word_1_1' title='bbox 405 618 474 679; x_wconf 82' lang='lat' dir='ltr'><strong>ttttt</strong></span> 
     </span>
    </p>
   </div>
   <div class='ocr_carea' id='block_1_2' title="bbox 399 723 1200 3522">
    <p class='ocr_par' dir='ltr' id='par_1_2' title="bbox 399 723 1200 3522">
     <span class='ocr_line' id='line_1_2' title="bbox 402 723 1192 797; baseline -0.022 -8"><span class='ocrx_word' id='word_1_2' title='bbox 402 747 455 789; x_wconf 87' lang='lat' dir='ltr'><strong>uon</strong></span> <span class='ocrx_word' id='word_1_3' title='bbox 465 738 526 787; x_wconf 89' lang='lat' dir='ltr'><strong>sunt</strong></span> <span class='ocrx_word' id='word_1_4' title='bbox 536 728 563 785; x_wconf 74' lang='lat' dir='ltr'><strong>‘l</strong></span> <span class='ocrx_word' id='word_1_5' title='bbox 571 727 636 797; x_wconf 82' lang='lat' dir='ltr'><strong>Quis</strong></span> <span class='ocrx_word' id='word_1_6' title='bbox 643 726 696 783; x_wconf 87' lang='lat' dir='ltr'><strong>hoc</strong></span> <span class='ocrx_word' id='word_1_7' title='bbox 704 723 800 782; x_wconf 78' lang='lat' dir='ltr'>dixerit</span> <span class='ocrx_word' id='word_1_8' title='bbox 807 723 819 778; x_wconf 78' lang='lat' dir='ltr'><strong>l</strong></span> <span class='ocrx_word' id='word_1_9' title='bbox 826 724 852 780; x_wconf 87' lang='lat' dir='ltr'><strong>st</strong></span> <span class='ocrx_word' id='word_1_10' title='bbox 862 737 925 794; x_wconf 76' lang='lat' dir='ltr'><strong>ergo</strong></span> <span class='ocrx_word' id='word_1_11' title='bbox 934 730 1035 777; x_wconf 79' lang='lat' dir='ltr'><strong>naturae</strong></span> <span class='ocrx_word' id='word_1_12' title='bbox 1044 728 1104 776; x_wconf 91' lang='lat' dir='ltr'><strong>sunt</strong></span> <span class='ocrx_word' id='word_1_13' title='bbox 1115 735 1192 789; x_wconf 79' lang='lat' dir='ltr'><strong>ange·</strong></span> 
     </span>
     <span class='ocr_line' id='line_1_3' title="bbox 399 807 1193 890; baseline -0.026 -6"><span class='ocrx_word' id='word_1_14' title='bbox 399 826 444 884; x_wconf 84' lang='lat' dir='ltr'><strong>lus</strong></span> <span class='ocrx_word' id='word_1_15' title='bbox 462 833 490 879; x_wconf 90' lang='grc' dir='ltr'><strong>ει</strong></span> <span class='ocrx_word' id='word_1_16' title='bbox 506 822 604 886; x_wconf 83' lang='grc' dir='ltr'><strong>Ιιοιιιο;</strong></span> <span class='ocrx_word' id='word_1_17' title='bbox 622 817 739 890; x_wconf 82' lang='lat' dir='ltr'><strong>proiecto</strong></span> <span class='ocrx_word' id='word_1_18' title='bbox 761 823 853 870; x_wconf 89' lang='lat' dir='ltr'><strong>natura</strong></span> <span class='ocrx_word' id='word_1_19' title='bbox 869 813 925 868; x_wconf 85' lang='lat' dir='ltr'><strong>tult</strong></span> <span class='ocrx_word' id='word_1_20' title='bbox 938 811 1122 882; x_wconf 91' lang='lat' dir='ltr'><strong>quodcumque</strong></span> <span class='ocrx_word' id='word_1_21' title='bbox 1136 807 1193 863; x_wconf 81' lang='lat' dir='ltr'><strong>uult</strong></span> 
     </span>
     <span class='ocr_line' id='line_1_4' title="bbox 401 900 1193 989; baseline -0.021 -16"><span class='ocrx_word' id='word_1_22' title='bbox 401 915 524 989; x_wconf 71' lang='lat' dir='ltr'><strong>angelus,</strong></span> <span class='ocrx_word' id='word_1_23' title='bbox 535 919 628 968; x_wconf 91' lang='lat' dir='ltr'><strong>natura</strong></span> <span class='ocrx_word' id='word_1_24' title='bbox 637 910 691 964; x_wconf 82' lang='lat' dir='ltr'><strong>vult</strong></span> <span class='ocrx_word' id='word_1_25' title='bbox 699 907 884 979; x_wconf 88' lang='lat' dir='ltr'><strong>quodcumque</strong></span> <span class='ocrx_word' id='word_1_26' title='bbox 891 906 947 960; x_wconf 84' lang='lat' dir='ltr'><strong>vult</strong></span> <span class='ocrx_word' id='word_1_27' title='bbox 954 905 1044 959; x_wconf 87' lang='lat' dir='ltr'><strong>ltotuo.</strong></span> <span class='ocrx_word' id='word_1_28' title='bbox 1053 900 1193 989; x_wconf 79' lang='lat' dir='ltr'><strong>Quomodo</strong></span> 
     </span>
     <span class='ocr_line' id='line_1_5' title="bbox 401 995 1192 1080; baseline -0.025 -13"><span class='ocrx_word' id='word_1_29' title='bbox 401 1022 468 1080; x_wconf 76' lang='lat' dir='ltr'><strong>erqo</strong></span> <span class='ocrx_word' id='word_1_30' title='bbox 487 1005 587 1061; x_wconf 89' lang='lat' dir='ltr'><strong>malum</strong></span> <span class='ocrx_word' id='word_1_31' title='bbox 599 1001 743 1058; x_wconf 82' lang='lat' dir='ltr'><strong>uoluntatis</strong></span> <span class='ocrx_word' id='word_1_32' title='bbox 757 1007 858 1054; x_wconf 81' lang='lat' dir='ltr'><strong>natura</strong></span> <span class='ocrx_word' id='word_1_33' title='bbox 870 1013 924 1053; x_wconf 93' lang='lat' dir='ltr'><strong>non</strong></span> <span class='ocrx_word' id='word_1_34' title='bbox 940 1005 1025 1068; x_wconf 89' lang='lat' dir='ltr'><strong>potest</strong></span> <span class='ocrx_word' id='word_1_35' title='bbox 1038 995 1192 1059; x_wconf 75' lang='lat' dir='ltr'><strong>admoveri3</strong></span> 
     </span>
     <span class='ocr_line' id='line_1_6' title="bbox 402 1086 1194 1165; baseline -0.019 -11"><span class='ocrx_word' id='word_1_36' title='bbox 402 1114 466 1154; x_wconf 92' lang='lat' dir='ltr'><strong>cum</strong></span> <span class='ocrx_word' id='word_1_37' title='bbox 479 1098 546 1153; x_wconf 84' lang='lat' dir='ltr'><strong>telle</strong></span> <span class='ocrx_word' id='word_1_38' title='bbox 559 1093 656 1165; x_wconf 89' lang='lat' dir='ltr'><strong>aliquid</strong></span> <span class='ocrx_word' id='word_1_39' title='bbox 668 1092 719 1147; x_wconf 91' lang='lat' dir='ltr'><strong>nisi</strong></span> <span class='ocrx_word' id='word_1_40' title='bbox 731 1100 824 1147; x_wconf 88' lang='lat' dir='ltr'><strong>natura</strong></span> <span class='ocrx_word' id='word_1_41' title='bbox 835 1106 887 1144; x_wconf 93' lang='lat' dir='ltr'><strong>non</strong></span> <span class='ocrx_word' id='word_1_42' title='bbox 898 1087 1002 1159; x_wconf 81' lang='lat' dir='ltr'><strong>possiti</strong></span> <span class='ocrx_word' id='word_1_43' title='bbox 1012 1088 1065 1142; x_wconf 76' lang='lat' dir='ltr'><strong>dut</strong></span> <span class='ocrx_word' id='word_1_44' title='bbox 1077 1101 1129 1141; x_wconf 92' lang='lat' dir='ltr'><strong>nou</strong></span> <span class='ocrx_word' id='word_1_45' title='bbox 1143 1086 1194 1139; x_wconf 91' lang='lat' dir='ltr'><strong>im-</strong></span> 
     </span>
     <span class='ocr_line' id='line_1_7' title="bbox 403 1176 1194 1260; baseline -0.019 -15"><span class='ocrx_word' id='word_1_46' title='bbox 403 1195 510 1260; x_wconf 86' lang='lat' dir='ltr'><strong>putetur</strong></span> <span class='ocrx_word' id='word_1_47' title='bbox 524 1184 625 1241; x_wconf 87' lang='lat' dir='ltr'><strong>bomini</strong></span> <span class='ocrx_word' id='word_1_48' title='bbox 640 1190 778 1254; x_wconf 85' lang='lat' dir='ltr'><strong>peccatum</strong></span> <span class='ocrx_word' id='word_1_49' title='bbox 796 1181 940 1235; x_wconf 77' lang='lat' dir='ltr'><strong>voluntatis</strong></span> <span class='ocrx_word' id='word_1_50' title='bbox 951 1192 1023 1243; x_wconf 77' lang='lat' dir='ltr'><strong>sun3</strong></span> <span class='ocrx_word' id='word_1_51' title='bbox 1038 1177 1098 1247; x_wconf 89' lang='lat' dir='ltr'><strong>quia</strong></span> <span class='ocrx_word' id='word_1_52' title='bbox 1114 1176 1194 1231; x_wconf 84' lang='lat' dir='ltr'><strong>tremo</strong></span> 
     </span>
     <span class='ocr_line' id='line_1_8' title="bbox 402 1270 1193 1344; baseline -0.019 -8"><span class='ocrx_word' id='word_1_53' title='bbox 402 1291 497 1337; x_wconf 88' lang='lat' dir='ltr'><strong>natura</strong></span> <span class='ocrx_word' id='word_1_54' title='bbox 510 1288 562 1344; x_wconf 89' lang='lat' dir='ltr'><strong>est,</strong></span> <span class='ocrx_word' id='word_1_55' title='bbox 577 1285 605 1333; x_wconf 89' lang='lat' dir='ltr'><strong>et</strong></span> <span class='ocrx_word' id='word_1_56' title='bbox 619 1274 717 1330; x_wconf 90' lang='lat' dir='ltr'><strong>malum</strong></span> <span class='ocrx_word' id='word_1_57' title='bbox 729 1272 883 1336; x_wconf 80' lang='lat' dir='ltr'><strong>voluntatis,</strong></span> <span class='ocrx_word' id='word_1_58' title='bbox 900 1280 929 1326; x_wconf 91' lang='lat' dir='ltr'><strong>ut</strong></span> <span class='ocrx_word' id='word_1_59' title='bbox 939 1270 1016 1336; x_wconf 90' lang='lat' dir='ltr'><strong>dicis,</strong></span> <span class='ocrx_word' id='word_1_60' title='bbox 1027 1277 1130 1323; x_wconf 81' lang='lat' dir='ltr'><strong>uaturae</strong></span> <span class='ocrx_word' id='word_1_61' title='bbox 1140 1283 1193 1322; x_wconf 93' lang='lat' dir='ltr'><strong>nnn</strong></span> 
     </span>
     <span class='ocr_line' id='line_1_9' title="bbox 402 1357 1195 1442; baseline -0.02 -15"><span class='ocrx_word' id='word_1_62' title='bbox 402 1378 491 1442; x_wconf 88' lang='lat' dir='ltr'><strong>potest</strong></span> <span class='ocrx_word' id='word_1_63' title='bbox 502 1366 649 1425; x_wconf 83' lang='lat' dir='ltr'><strong>admoueri.</strong></span> <span class='ocrx_word' id='word_1_64' title='bbox 664 1367 705 1420; x_wconf 82' lang='lat' dir='ltr'><strong>Au</strong></span> <span class='ocrx_word' id='word_1_65' title='bbox 718 1366 746 1420; x_wconf 91' lang='lat' dir='ltr'><strong>iu</strong></span> <span class='ocrx_word' id='word_1_66' title='bbox 760 1372 861 1419; x_wconf 85' lang='lat' dir='ltr'><strong>tautum</strong></span> <span class='ocrx_word' id='word_1_67' title='bbox 875 1370 919 1417; x_wconf 80' lang='lat' dir='ltr'><strong>tua</strong></span> <span class='ocrx_word' id='word_1_68' title='bbox 933 1360 1102 1432; x_wconf 73' lang='lat' dir='ltr'><strong>progreditur</strong></span> <span class='ocrx_word' id='word_1_69' title='bbox 1120 1357 1195 1413; x_wconf 84' lang='lat' dir='ltr'><strong>vani-</strong></span> 
     </span>
     <span class='ocr_line' id='line_1_10' title="bbox 402 1449 1194 1528; baseline -0.021 -9"><span class='ocrx_word' id='word_1_70' title='bbox 402 1467 615 1528; x_wconf 71' lang='lat' dir='ltr'><strong>uenturum</strong></span> <span class='ocrx_word' id='word_1_71' title='bbox 634 1457 707 1512; x_wconf 89' lang='lat' dir='ltr'><strong>dicas</strong></span> <span class='ocrx_word' id='word_1_72' title='bbox 720 1454 820 1510; x_wconf 87' lang='lat' dir='ltr'><strong>debere</strong></span> <span class='ocrx_word' id='word_1_73' title='bbox 837 1452 982 1522; x_wconf 87' lang='lat' dir='ltr'><strong>imputari,</strong></span> <span class='ocrx_word' id='word_1_74' title='bbox 1002 1449 1074 1521; x_wconf 92' lang='lat' dir='ltr'><strong>quod</strong></span> <span class='ocrx_word' id='word_1_75' title='bbox 1092 1456 1194 1503; x_wconf 79' lang='lat' dir='ltr'><strong>nutura</strong></span> 
     </span>
     <span class='ocr_line' id='line_1_11' title="bbox 402 1538 1194 1622; baseline -0.021 -14"><span class='ocrx_word' id='word_1_76' title='bbox 402 1567 456 1608; x_wconf 86' lang='lat' dir='ltr'><strong>nau</strong></span> <span class='ocrx_word' id='word_1_77' title='bbox 465 1557 555 1622; x_wconf 88' lang='lat' dir='ltr'><strong>potest</strong></span> <span class='ocrx_word' id='word_1_78' title='bbox 566 1545 721 1603; x_wconf 78' lang='lat' dir='ltr'><strong>admoverit</strong></span> <span class='ocrx_word' id='word_1_79' title='bbox 730 1543 797 1600; x_wconf 85' lang='lat' dir='ltr'><strong>Nam</strong></span> <span class='ocrx_word' id='word_1_80' title='bbox 811 1543 871 1614; x_wconf 92' lang='lat' dir='ltr'><strong>quis</strong></span> <span class='ocrx_word' id='word_1_81' title='bbox 881 1541 952 1597; x_wconf 92' lang='lat' dir='ltr'><strong>dicat</strong></span> <span class='ocrx_word' id='word_1_82' title='bbox 962 1549 1064 1595; x_wconf 82' lang='lat' dir='ltr'><strong>naturae</strong></span> <span class='ocrx_word' id='word_1_83' title='bbox 1077 1554 1131 1594; x_wconf 93' lang='lat' dir='ltr'><strong>non</strong></span> <span class='ocrx_word' id='word_1_84' title='bbox 1142 1538 1194 1592; x_wconf 89' lang='lat' dir='ltr'><strong>iru-</strong></span> 
     </span>
     <span class='ocr_line' id='line_1_12' title="bbox 402 1627 1194 1715; baseline -0.023 -16"><span class='ocrx_word' id='word_1_85' title='bbox 402 1641 507 1715; x_wconf 86' lang='lat' dir='ltr'><strong>putari,</strong></span> <span class='ocrx_word' id='word_1_86' title='bbox 520 1637 593 1711; x_wconf 91' lang='lat' dir='ltr'><strong>quod</strong></span> <span class='ocrx_word' id='word_1_87' title='bbox 606 1638 750 1706; x_wconf 73' lang='lat' dir='ltr'><strong>imputatur</strong></span> <span class='ocrx_word' id='word_1_88' title='bbox 764 1633 882 1696; x_wconf 87' lang='lat' dir='ltr'><strong>bomini,</strong></span> <span class='ocrx_word' id='word_1_89' title='bbox 897 1631 948 1686; x_wconf 88' lang='lat' dir='ltr'><strong>nisi</strong></span> <span class='ocrx_word' id='word_1_90' title='bbox 963 1630 1083 1700; x_wconf 89' lang='lat' dir='ltr'><strong>quisquis</strong></span> <span class='ocrx_word' id='word_1_91' title='bbox 1096 1629 1132 1683; x_wconf 89' lang='lat' dir='ltr'><strong>ita</strong></span> <span class='ocrx_word' id='word_1_92' title='bbox 1145 1627 1194 1682; x_wconf 91' lang='lat' dir='ltr'><strong>de·</strong></span> 
     </span>
     <span class='ocr_line' id='line_1_13' title="bbox 402 1719 1193 1805; baseline -0.023 -15"><span class='ocrx_word' id='word_1_93' title='bbox 402 1735 476 1805; x_wconf 86' lang='lat' dir='ltr'><strong>sipit,</strong></span> <span class='ocrx_word' id='word_1_94' title='bbox 488 1740 518 1787; x_wconf 87' lang='lat' dir='ltr'><strong>ut</strong></span> <span class='ocrx_word' id='word_1_95' title='bbox 531 1729 667 1786; x_wconf 89' lang='lat' dir='ltr'><strong>bominem</strong></span> <span class='ocrx_word' id='word_1_96' title='bbox 680 1734 759 1798; x_wconf 76' lang='lat' dir='ltr'><strong>neget</strong></span> <span class='ocrx_word' id='word_1_97' title='bbox 769 1739 829 1781; x_wconf 90' lang='lat' dir='ltr'><strong>esse</strong></span> <span class='ocrx_word' id='word_1_98' title='bbox 839 1722 979 1779; x_wconf 77' lang='lat' dir='ltr'><strong>naturam?</strong></span> <span class='ocrx_word' id='word_1_99' title='bbox 989 1719 1104 1775; x_wconf 81' lang='lat' dir='ltr'>Videsne</span> <span class='ocrx_word' id='word_1_100' title='bbox 1113 1733 1193 1789; x_wconf 88' lang='lat' dir='ltr'><strong>qnam</strong></span> 
     </span>
     <span class='ocr_line' id='line_1_14' title="bbox 403 1810 1195 1893; baseline -0.02 -12"><span class='ocrx_word' id='word_1_101' title='bbox 403 1824 517 1880; x_wconf 89' lang='lat' dir='ltr'><strong>multum</strong></span> <span class='ocrx_word' id='word_1_102' title='bbox 531 1820 659 1893; x_wconf 90' lang='lat' dir='ltr'><strong>loquaris,</strong></span> <span class='ocrx_word' id='word_1_103' title='bbox 674 1817 799 1876; x_wconf 90' lang='lat' dir='ltr'><strong>nesciens</strong></span> <span class='ocrx_word' id='word_1_104' title='bbox 812 1814 877 1888; x_wconf 92' lang='lat' dir='ltr'><strong>quid</strong></span> <span class='ocrx_word' id='word_1_105' title='bbox 891 1813 1027 1885; x_wconf 84' lang='lat' dir='ltr'><strong>loquaris?</strong></span> <span class='ocrx_word' id='word_1_106' title='bbox 1040 1812 1067 1868; x_wconf 88' lang='lat' dir='ltr'><strong>Si</strong></span> <span class='ocrx_word' id='word_1_107' title='bbox 1077 1826 1141 1881; x_wconf 77' lang='lat' dir='ltr'><strong>erqo</strong></span> <span class='ocrx_word' id='word_1_108' title='bbox 1154 1810 1195 1866; x_wconf 92' lang='lat' dir='ltr'><strong>di·</strong></span> 
     </span>
     <span class='ocr_line' id='line_1_15' title="bbox 402 1901 1195 1981; baseline -0.02 -11"><span class='ocrx_word' id='word_1_109' title='bbox 402 1928 466 1981; x_wconf 78' lang='lat' dir='ltr'><strong>cas,</strong></span> <span class='ocrx_word' id='word_1_110' title='bbox 481 1912 611 1968; x_wconf 75' lang='lat' dir='ltr'><strong>Voluntas</strong></span> <span class='ocrx_word' id='word_1_111' title='bbox 629 1906 783 1966; x_wconf 73' lang='lat' dir='ltr'><strong>necessitati</strong></span> <span class='ocrx_word' id='word_1_112' title='bbox 805 1922 859 1962; x_wconf 93' lang='lat' dir='ltr'><strong>non</strong></span> <span class='ocrx_word' id='word_1_113' title='bbox 879 1912 968 1975; x_wconf 90' lang='lat' dir='ltr'><strong>potest</strong></span> <span class='ocrx_word' id='word_1_114' title='bbox 987 1901 1142 1966; x_wconf 71' lang='lat' dir='ltr'><strong>animarem,</strong></span> <span class='ocrx_word' id='word_1_115' title='bbox 1160 1915 1195 1955; x_wconf 89' lang='lat' dir='ltr'><strong>ne</strong></span> 
     </span>
     <span class='ocr_line' id='line_1_16' title="bbox 404 1990 1194 2075; baseline -0.022 -14"><span class='ocrx_word' id='word_1_116' title='bbox 404 2005 456 2061; x_wconf 88' lang='lat' dir='ltr'><strong>boc</strong></span> <span class='ocrx_word' id='word_1_117' title='bbox 468 2002 576 2075; x_wconf 90' lang='lat' dir='ltr'><strong>quidem</strong></span> <span class='ocrx_word' id='word_1_118' title='bbox 590 1999 777 2055; x_wconf 73' lang='lat' dir='ltr'><strong>universaliter</strong></span> <span class='ocrx_word' id='word_1_119' title='bbox 789 2011 880 2052; x_wconf 86' lang='lat' dir='ltr'><strong>rerum</strong></span> <span class='ocrx_word' id='word_1_120' title='bbox 893 2003 943 2050; x_wconf 91' lang='lat' dir='ltr'><strong>est.</strong></span> <span class='ocrx_word' id='word_1_121' title='bbox 960 1991 1109 2064; x_wconf 81' lang='lat' dir='ltr'><strong>Aliquando</strong></span> <span class='ocrx_word' id='word_1_122' title='bbox 1123 1990 1194 2046; x_wconf 93' lang='lat' dir='ltr'><strong>cuim</strong></span> 
     </span>
     <span class='ocr_line' id='line_1_17' title="bbox 404 2081 1195 2169; baseline -0.024 -16"><span class='ocrx_word' id='word_1_123' title='bbox 404 2095 474 2169; x_wconf 90' lang='lat' dir='ltr'><strong>quod</strong></span> <span class='ocrx_word' id='word_1_124' title='bbox 495 2106 606 2150; x_wconf 89' lang='lat' dir='ltr'><strong>necesse</strong></span> <span class='ocrx_word' id='word_1_125' title='bbox 625 2098 666 2146; x_wconf 90' lang='grc' dir='ltr'><strong>εει</strong></span> <span class='ocrx_word' id='word_1_126' title='bbox 679 2090 819 2154; x_wconf 86' lang='lat' dir='ltr'><strong>volumus;</strong></span> <span class='ocrx_word' id='word_1_127' title='bbox 833 2087 903 2142; x_wconf 89' lang='lat' dir='ltr'><strong>sieut</strong></span> <span class='ocrx_word' id='word_1_128' title='bbox 919 2097 1030 2140; x_wconf 85' lang='lat' dir='ltr'><strong>necesse</strong></span> <span class='ocrx_word' id='word_1_129' title='bbox 1042 2089 1084 2138; x_wconf 90' lang='grc' dir='ltr'><strong>εει</strong></span> <span class='ocrx_word' id='word_1_130' title='bbox 1101 2090 1132 2135; x_wconf 87' lang='grc' dir='ltr'><strong>ιιι</strong></span> <span class='ocrx_word' id='word_1_131' title='bbox 1150 2081 1195 2150; x_wconf 93' lang='lat' dir='ltr'><strong>qui</strong></span> 
     </span>
     <span class='ocr_line' id='line_1_18' title="bbox 404 2171 1196 2258; baseline -0.023 -14"><span class='ocrx_word' id='word_1_132' title='bbox 404 2192 610 2258; x_wconf 68' lang='lat' dir='ltr'><strong>perstruuntur</strong></span> <span class='ocrx_word' id='word_1_133' title='bbox 628 2183 697 2237; x_wconf 88' lang='lat' dir='ltr'><strong>bene</strong></span> <span class='ocrx_word' id='word_1_134' title='bbox 715 2179 826 2245; x_wconf 79' lang='lat' dir='ltr'><strong>visunt,</strong></span> <span class='ocrx_word' id='word_1_135' title='bbox 851 2177 917 2232; x_wconf 84' lang='lat' dir='ltr'><strong>daut</strong></span> <span class='ocrx_word' id='word_1_136' title='bbox 937 2175 1009 2232; x_wconf 90' lang='lat' dir='ltr'><strong>beati</strong></span> <span class='ocrx_word' id='word_1_137' title='bbox 1029 2192 1036 2230; x_wconf 91' lang='lat'>:</span> <span class='ocrx_word' id='word_1_138' title='bbox 1054 2171 1196 2244; x_wconf 87' lang='lat' dir='ltr'><strong>aliquando</strong></span> 
     </span>
     <span class='ocr_line' id='line_1_19' title="bbox 403 2269 1197 2343; baseline -0.019 -9"><span class='ocrx_word' id='word_1_139' title='bbox 403 2279 484 2335; x_wconf 91' lang='lat' dir='ltr'><strong>ctiam</strong></span> <span class='ocrx_word' id='word_1_140' title='bbox 496 2290 608 2333; x_wconf 89' lang='lat' dir='ltr'><strong>necesse</strong></span> <span class='ocrx_word' id='word_1_141' title='bbox 617 2281 659 2329; x_wconf 89' lang='lat' dir='ltr'><strong>est</strong></span> <span class='ocrx_word' id='word_1_142' title='bbox 668 2271 768 2343; x_wconf 87' lang='lat' dir='ltr'><strong>aliquid</strong></span> <span class='ocrx_word' id='word_1_143' title='bbox 778 2281 807 2326; x_wconf 92' lang='lat' dir='ltr'><strong>ut</strong></span> <span class='ocrx_word' id='word_1_144' title='bbox 817 2271 947 2334; x_wconf 80' lang='lat' dir='ltr'><strong>velimus;</strong></span> <span class='ocrx_word' id='word_1_145' title='bbox 958 2269 1025 2323; x_wconf 90' lang='lat' dir='ltr'><strong>sicut</strong></span> <span class='ocrx_word' id='word_1_146' title='bbox 1036 2280 1146 2322; x_wconf 90' lang='lat' dir='ltr'><strong>necesse</strong></span> <span class='ocrx_word' id='word_1_147' title='bbox 1156 2272 1197 2319; x_wconf 90' lang='lat' dir='ltr'><strong>est</strong></span> 
     </span>
     <span class='ocr_line' id='line_1_20' title="bbox 405 2357 1197 2432; baseline -0.023 -5"><span class='ocrx_word' id='word_1_148' title='bbox 405 2385 454 2427; x_wconf 89' lang='lat' dir='ltr'><strong>uos</strong></span> <span class='ocrx_word' id='word_1_149' title='bbox 469 2366 660 2425; x_wconf 89' lang='lat' dir='ltr'><strong>beatitudinem</strong></span> <span class='ocrx_word' id='word_1_150' title='bbox 672 2364 742 2420; x_wconf 85' lang='lat' dir='ltr'><strong>teile</strong></span> <span class='ocrx_word' id='word_1_151' title='bbox 758 2381 765 2417; x_wconf 90' lang='lat'>:</span> <span class='ocrx_word' id='word_1_152' title='bbox 782 2360 852 2418; x_wconf 93' lang='lat' dir='ltr'><strong>unde</strong></span> <span class='ocrx_word' id='word_1_153' title='bbox 865 2359 987 2432; x_wconf 86' lang='lat' dir='ltr'><strong>quaedam</strong></span> <span class='ocrx_word' id='word_1_154' title='bbox 1007 2367 1049 2415; x_wconf 91' lang='lat' dir='ltr'><strong>est</strong></span> <span class='ocrx_word' id='word_1_155' title='bbox 1071 2366 1100 2413; x_wconf 92' lang='lat' dir='ltr'><strong>et</strong></span> <span class='ocrx_word' id='word_1_156' title='bbox 1119 2357 1197 2412; x_wconf 89' lang='lat' dir='ltr'><strong>beata</strong></span> 
     </span>
     <span class='ocr_line' id='line_1_21' title="bbox 405 2448 1198 2527; baseline -0.018 -12"><span class='ocrx_word' id='word_1_157' title='bbox 405 2459 562 2522; x_wconf 79' lang='lat' dir='ltr'><strong>necessitas,</strong></span> <span class='ocrx_word' id='word_1_158' title='bbox 575 2456 636 2527; x_wconf 90' lang='lat' dir='ltr'><strong>quia</strong></span> <span class='ocrx_word' id='word_1_159' title='bbox 647 2455 658 2487; x_wconf 85' lang='lat'>⁸</span> <span class='ocrx_word' id='word_1_160' title='bbox 672 2467 781 2509; x_wconf 88' lang='lat' dir='ltr'><strong>necesse</strong></span> <span class='ocrx_word' id='word_1_161' title='bbox 793 2461 835 2508; x_wconf 90' lang='grc' dir='ltr'><strong>εει</strong></span> <span class='ocrx_word' id='word_1_162' title='bbox 847 2451 930 2507; x_wconf 84' lang='lat' dir='ltr'><strong>Deum</strong></span> <span class='ocrx_word' id='word_1_163' title='bbox 941 2463 1048 2519; x_wconf 89' lang='lat' dir='ltr'><strong>semper</strong></span> <span class='ocrx_word' id='word_1_164' title='bbox 1061 2457 1089 2503; x_wconf 89' lang='lat' dir='ltr'><strong>et</strong></span> <span class='ocrx_word' id='word_1_165' title='bbox 1102 2448 1198 2502; x_wconf 93' lang='lat' dir='ltr'><strong>immu-</strong></span> 
     </span>
     <span class='ocr_line' id='line_1_22' title="bbox 405 2537 1199 2610; baseline -0.016 -5"><span class='ocrx_word' id='word_1_166' title='bbox 405 2549 523 2605; x_wconf 79' lang='lat' dir='ltr'><strong>tabiliter</strong></span> <span class='ocrx_word' id='word_1_167' title='bbox 542 2555 571 2602; x_wconf 90' lang='lat' dir='ltr'><strong>ct</strong></span> <span class='ocrx_word' id='word_1_168' title='bbox 589 2545 743 2602; x_wconf 82' lang='lat' dir='ltr'><strong>beatissime</strong></span> <span class='ocrx_word' id='word_1_169' title='bbox 763 2543 864 2598; x_wconf 80' lang='lat' dir='ltr'><strong>risere.</strong></span> <span class='ocrx_word' id='word_1_170' title='bbox 883 2540 935 2596; x_wconf 90' lang='lat' dir='ltr'><strong>Sed</strong></span> <span class='ocrx_word' id='word_1_171' title='bbox 956 2537 1082 2610; x_wconf 90' lang='lat' dir='ltr'><strong>quoniam</strong></span> <span class='ocrx_word' id='word_1_172' title='bbox 1096 2543 1199 2594; x_wconf 90' lang='lat' dir='ltr'><strong>suntet</strong></span> 
     </span>
     <span class='ocr_line' id='line_1_23' title="bbox 404 2630 1199 2712; baseline -0.016 -16"><span class='ocrx_word' id='word_1_173' title='bbox 404 2640 527 2712; x_wconf 84' lang='lat' dir='ltr'><strong>quaedam</strong></span> <span class='ocrx_word' id='word_1_174' title='bbox 541 2639 716 2695; x_wconf 80' lang='lat' dir='ltr'><strong>necessitates</strong></span> <span class='ocrx_word' id='word_1_175' title='bbox 733 2635 773 2690; x_wconf 92' lang='lat' dir='ltr'><strong>sic</strong></span> <span class='ocrx_word' id='word_1_176' title='bbox 787 2649 802 2688; x_wconf 95' lang='lat' dir='ltr'><strong>a</strong></span> <span class='ocrx_word' id='word_1_177' title='bbox 815 2630 996 2688; x_wconf 89' lang='lat' dir='ltr'><strong>voluntatibus</strong></span> <span class='ocrx_word' id='word_1_178' title='bbox 1008 2630 1113 2693; x_wconf 86' lang='lat' dir='ltr'><strong>alienae,</strong></span> <span class='ocrx_word' id='word_1_179' title='bbox 1129 2636 1157 2683; x_wconf 95' lang='lat' dir='ltr'><strong>ut</strong></span> <span class='ocrx_word' id='word_1_180' title='bbox 1171 2636 1199 2683; x_wconf 90' lang='lat' dir='ltr'><strong>et</strong></span> 
     </span>
     <span class='ocr_line' id='line_1_24' title="bbox 406 2719 1198 2790; baseline -0.015 -4"><span class='ocrx_word' id='word_1_181' title='bbox 406 2730 552 2787; x_wconf 77' lang='lat' dir='ltr'><strong>tuccessitas</strong></span> <span class='ocrx_word' id='word_1_182' title='bbox 572 2728 607 2783; x_wconf 91' lang='lat' dir='ltr'><strong>sit</strong></span> <span class='ocrx_word' id='word_1_183' title='bbox 627 2727 670 2782; x_wconf 93' lang='lat' dir='ltr'><strong>ubi</strong></span> <span class='ocrx_word' id='word_1_184' title='bbox 688 2726 812 2781; x_wconf 80' lang='lat' dir='ltr'><strong>uoluntas</strong></span> <span class='ocrx_word' id='word_1_185' title='bbox 832 2732 960 2790; x_wconf 90' lang='lat' dir='ltr'><strong>nonest,</strong></span> <span class='ocrx_word' id='word_1_186' title='bbox 976 2721 1137 2777; x_wconf 86' lang='lat' dir='ltr'><strong>etvoluntas</strong></span> <span class='ocrx_word' id='word_1_187' title='bbox 1153 2719 1198 2774; x_wconf 90' lang='lat' dir='ltr'><strong>nbi</strong></span> 
     </span>
     <span class='ocr_line' id='line_1_25' title="bbox 407 2809 1198 2885; baseline -0.015 -10"><span class='ocrx_word' id='word_1_188' title='bbox 407 2836 460 2875; x_wconf 93' lang='lat' dir='ltr'><strong>uon</strong></span> <span class='ocrx_word' id='word_1_189' title='bbox 475 2827 517 2874; x_wconf 88' lang='lat' dir='ltr'><strong>est</strong></span> <span class='ocrx_word' id='word_1_190' title='bbox 529 2816 696 2873; x_wconf 84' lang='lat' dir='ltr'><strong>necessitas:</strong></span> <span class='ocrx_word' id='word_1_191' title='bbox 712 2822 834 2885; x_wconf 86' lang='lat' dir='ltr'><strong>exparte</strong></span> <span class='ocrx_word' id='word_1_192' title='bbox 851 2812 946 2868; x_wconf 86' lang='lat' dir='ltr'><strong>saltem</strong></span> <span class='ocrx_word' id='word_1_193' title='bbox 958 2825 1052 2866; x_wconf 85' lang='lat' dir='ltr'><strong>uerum</strong></span> <span class='ocrx_word' id='word_1_194' title='bbox 1071 2820 1111 2865; x_wconf 91' lang='lat' dir='ltr'><strong>est</strong></span> <span class='ocrx_word' id='word_1_195' title='bbox 1127 2809 1198 2880; x_wconf 90' lang='lat' dir='ltr'><strong>quod</strong></span> 
     </span>
     <span class='ocr_line' id='line_1_26' title="bbox 406 2901 1198 2976; baseline -0.016 -8"><span class='ocrx_word' id='word_1_196' title='bbox 406 2912 514 2976; x_wconf 86' lang='lat' dir='ltr'><strong>dieitur,</strong></span> <span class='ocrx_word' id='word_1_197' title='bbox 527 2909 656 2964; x_wconf 76' lang='lat' dir='ltr'><strong>Voluntas</strong></span> <span class='ocrx_word' id='word_1_198' title='bbox 666 2906 816 2963; x_wconf 80' lang='lat' dir='ltr'><strong>necessitati</strong></span> <span class='ocrx_word' id='word_1_199' title='bbox 828 2920 881 2960; x_wconf 91' lang='lat' dir='ltr'><strong>non</strong></span> <span class='ocrx_word' id='word_1_200' title='bbox 891 2911 980 2975; x_wconf 90' lang='lat' dir='ltr'><strong>potest</strong></span> <span class='ocrx_word' id='word_1_201' title='bbox 990 2903 1136 2959; x_wconf 85' lang='lat' dir='ltr'><strong>admoveri.</strong></span> <span class='ocrx_word' id='word_1_202' title='bbox 1148 2901 1198 2968; x_wconf 82' lang='lat' dir='ltr'><strong>Qui</strong></span> 
     </span>
     <span class='ocr_line' id='line_1_27' title="bbox 406 2991 1200 3066; baseline -0.013 -9"><span class='ocrx_word' id='word_1_203' title='bbox 406 3018 471 3060; x_wconf 80' lang='lat' dir='ltr'><strong>vero</strong></span> <span class='ocrx_word' id='word_1_204' title='bbox 484 3001 549 3057; x_wconf 89' lang='lat' dir='ltr'><strong>dicit</strong></span> <span class='ocrx_word' id='word_1_205' title='bbox 561 3041 568 3066; x_wconf 95' lang='lat'><strong>,</strong></span> <span class='ocrx_word' id='word_1_206' title='bbox 581 2998 649 3054; x_wconf 86' lang='lat' dir='ltr'><strong>Uala</strong></span> <span class='ocrx_word' id='word_1_207' title='bbox 665 2997 787 3052; x_wconf 80' lang='lat' dir='ltr'><strong>noluntas</strong></span> <span class='ocrx_word' id='word_1_208' title='bbox 807 3011 860 3050; x_wconf 89' lang='lat' dir='ltr'><strong>nun</strong></span> <span class='ocrx_word' id='word_1_209' title='bbox 881 3003 969 3064; x_wconf 90' lang='lat' dir='ltr'><strong>potest</strong></span> <span class='ocrx_word' id='word_1_210' title='bbox 986 3002 1088 3049; x_wconf 88' lang='lat' dir='ltr'><strong>naturae</strong></span> <span class='ocrx_word' id='word_1_211' title='bbox 1106 2991 1200 3048; x_wconf 91' lang='lat' dir='ltr'><strong>admo·</strong></span> 
     </span>
     <span class='ocr_line' id='line_1_28' title="bbox 407 3082 1197 3158; baseline -0.015 -10"><span class='ocrx_word' id='word_1_212' title='bbox 407 3093 464 3149; x_wconf 83' lang='lat' dir='ltr'><strong>veri</strong></span> <span class='ocrx_word' id='word_1_213' title='bbox 477 3109 485 3149; x_wconf 78' lang='lat' dir='ltr'><strong><em>z</em></strong></span> <span class='ocrx_word' id='word_1_214' title='bbox 500 3090 570 3147; x_wconf 86' lang='lat' dir='ltr'><strong>idem</strong></span> <span class='ocrx_word' id='word_1_215' title='bbox 583 3088 676 3152; x_wconf 85' lang='lat' dir='ltr'><strong>nobis,</strong></span> <span class='ocrx_word' id='word_1_216' title='bbox 692 3090 714 3143; x_wconf 93' lang='lat' dir='ltr'><strong>si</strong></span> <span class='ocrx_word' id='word_1_217' title='bbox 729 3094 832 3158; x_wconf 89' lang='lat' dir='ltr'><strong>potest,</strong></span> <span class='ocrx_word' id='word_1_218' title='bbox 847 3082 1067 3140; x_wconf 67' lang='lat' dir='ltr'><strong>voluntatemne!</strong></span> <span class='ocrx_word' id='word_1_219' title='bbox 1084 3084 1197 3150; x_wconf 86' lang='lat' dir='ltr'><strong>malum,</strong></span> 
     </span>
     <span class='ocr_line' id='line_1_29' title="bbox 406 3175 1198 3250; baseline -0.009 -12"><span class='ocrx_word' id='word_1_220' title='bbox 406 3184 449 3239; x_wconf 84' lang='lat' dir='ltr'><strong>rel</strong></span> <span class='ocrx_word' id='word_1_221' title='bbox 464 3184 580 3250; x_wconf 89' lang='lat' dir='ltr'><strong>bonam,</strong></span> <span class='ocrx_word' id='word_1_222' title='bbox 599 3179 645 3236; x_wconf 90' lang='lat' dir='ltr'><strong>ubi</strong></span> <span class='ocrx_word' id='word_1_223' title='bbox 658 3188 752 3234; x_wconf 88' lang='lat' dir='ltr'><strong>natura</strong></span> <span class='ocrx_word' id='word_1_224' title='bbox 771 3194 823 3233; x_wconf 93' lang='lat' dir='ltr'><strong>non</strong></span> <span class='ocrx_word' id='word_1_225' title='bbox 841 3186 882 3233; x_wconf 90' lang='lat' dir='ltr'><strong>est</strong></span> <span class='ocrx_word' id='word_1_226' title='bbox 894 3219 901 3244; x_wconf 94' lang='lat'><strong>,</strong></span> <span class='ocrx_word' id='word_1_227' title='bbox 915 3177 1038 3233; x_wconf 87' lang='lat' dir='ltr'><strong>ostendat</strong></span> <span class='ocrx_word' id='word_1_228' title='bbox 1049 3193 1057 3243; x_wconf 80' lang='lat'>3</span> <span class='ocrx_word' id='word_1_229' title='bbox 1070 3184 1115 3232; x_wconf 92' lang='lat' dir='ltr'><strong>aut</strong></span> <span class='ocrx_word' id='word_1_230' title='bbox 1127 3175 1198 3247; x_wconf 90' lang='lat' dir='ltr'><strong>quod</strong></span> 
     </span>
     <span class='ocr_line' id='line_1_30' title="bbox 406 3268 1200 3343; baseline -0.008 -14"><span class='ocrx_word' id='word_1_231' title='bbox 406 3276 532 3331; x_wconf 83' lang='lat' dir='ltr'><strong>uoluntas</strong></span> <span class='ocrx_word' id='word_1_232' title='bbox 546 3288 607 3329; x_wconf 90' lang='lat' dir='ltr'><strong>esse</strong></span> <span class='ocrx_word' id='word_1_233' title='bbox 619 3273 706 3343; x_wconf 89' lang='lat' dir='ltr'><strong>aliqua</strong></span> <span class='ocrx_word' id='word_1_234' title='bbox 720 3272 811 3342; x_wconf 84' lang='lat' dir='ltr'><strong>possit,</strong></span> <span class='ocrx_word' id='word_1_235' title='bbox 824 3270 847 3325; x_wconf 91' lang='lat' dir='ltr'><strong>si</strong></span> <span class='ocrx_word' id='word_1_236' title='bbox 863 3279 956 3325; x_wconf 91' lang='lat' dir='ltr'><strong>natura</strong></span> <span class='ocrx_word' id='word_1_237' title='bbox 968 3285 1021 3325; x_wconf 93' lang='lat' dir='ltr'><strong>uon</strong></span> <span class='ocrx_word' id='word_1_238' title='bbox 1034 3270 1070 3325; x_wconf 91' lang='lat' dir='ltr'><strong>sit</strong></span> <span class='ocrx_word' id='word_1_239' title='bbox 1080 3285 1140 3341; x_wconf 88' lang='lat' dir='ltr'><strong>quac</strong></span> <span class='ocrx_word' id='word_1_240' title='bbox 1151 3268 1200 3324; x_wconf 88' lang='lat' dir='ltr'><strong>ali·</strong></span> 
     </span>
     <span class='ocr_line' id='line_1_31' title="bbox 407 3361 1199 3438; baseline -0.009 -16"><span class='ocrx_word' id='word_1_241' title='bbox 407 3365 470 3438; x_wconf 92' lang='lat' dir='ltr'><strong>quid</strong></span> <span class='ocrx_word' id='word_1_242' title='bbox 487 3365 561 3420; x_wconf 86' lang='lat' dir='ltr'><strong>uelit.</strong></span> <span class='ocrx_word' id='word_1_243' title='bbox 578 3363 693 3419; x_wconf 72' lang='lat' dir='ltr'><strong>attende</strong></span> <span class='ocrx_word' id='word_1_244' title='bbox 710 3362 790 3433; x_wconf 79' lang='lat' dir='ltr'><strong>igitur</strong></span> <span class='ocrx_word' id='word_1_245' title='bbox 803 3378 883 3433; x_wconf 89' lang='lat' dir='ltr'><strong>quam</strong></span> <span class='ocrx_word' id='word_1_246' title='bbox 899 3361 963 3416; x_wconf 88' lang='lat' dir='ltr'><strong>sisa</strong></span> <span class='ocrx_word' id='word_1_247' title='bbox 980 3363 1090 3419; x_wconf 84' lang='lat' dir='ltr'><strong>veritate</strong></span> <span class='ocrx_word' id='word_1_248' title='bbox 1110 3362 1199 3418; x_wconf 91' lang='lat' dir='ltr'><strong>seclu-</strong></span> 
     </span>
     <span class='ocr_line' id='line_1_32' title="bbox 407 3454 1200 3522; baseline -0.006 -9"><span class='ocrx_word' id='word_1_249' title='bbox 407 3473 470 3513; x_wconf 76' lang='lat' dir='ltr'><strong>sus.</strong></span> <span class='ocrx_word' id='word_1_250' title='bbox 488 3457 528 3512; x_wconf 83' lang='lat' dir='ltr'><strong>Tu</strong></span> <span class='ocrx_word' id='word_1_251' title='bbox 554 3455 639 3521; x_wconf 91' lang='lat' dir='ltr'><strong>dicis,</strong></span> <span class='ocrx_word' id='word_1_252' title='bbox 665 3454 792 3509; x_wconf 77' lang='lat' dir='ltr'><strong>voluutas</strong></span> <span class='ocrx_word' id='word_1_253' title='bbox 816 3454 883 3508; x_wconf 86' lang='lat' dir='ltr'><strong>mala</strong></span> <span class='ocrx_word' id='word_1_254' title='bbox 909 3461 1009 3508; x_wconf 68' lang='lat' dir='ltr'><strong>natur-,e</strong></span> <span class='ocrx_word' id='word_1_255' title='bbox 1035 3468 1090 3508; x_wconf 89' lang='lat' dir='ltr'><strong>uon</strong></span> <span class='ocrx_word' id='word_1_256' title='bbox 1111 3462 1200 3522; x_wconf 91' lang='lat' dir='ltr'><strong>potest</strong></span> 
     </span>
    </p>
   </div>
   <div class='ocr_carea' id='block_1_3' title="bbox 328 3545 1200 3613">
    <p class='ocr_par' dir='ltr' id='par_1_3' title="bbox 328 3545 1200 3613">
     <span class='ocr_line' id='line_1_33' title="bbox 328 3545 1200 3613; baseline -0.007 -7"><span class='ocrx_word' id='word_1_257' title='bbox 328 3550 334 3560; x_wconf 94' lang='grc'><strong><em>’</em></strong></span> <span class='ocrx_word' id='word_1_258' title='bbox 406 3547 543 3606; x_wconf 70' lang='lat' dir='ltr'><strong>admoveri</strong></span> <span class='ocrx_word' id='word_1_259' title='bbox 559 3565 566 3602; x_wconf 75' lang='grc' dir='ltr'>ι</span> <span class='ocrx_word' id='word_1_260' title='bbox 583 3547 780 3604; x_wconf 88' lang='lat' dir='ltr'><strong>veritasautem</strong></span> <span class='ocrx_word' id='word_1_261' title='bbox 792 3545 866 3612; x_wconf 90' lang='lat' dir='ltr'><strong>dicit,</strong></span> <span class='ocrx_word' id='word_1_262' title='bbox 879 3545 1010 3613; x_wconf 82' lang='lat' dir='ltr'><strong>Qttnutdiu</strong></span> <span class='ocrx_word' id='word_1_263' title='bbox 1022 3554 1063 3602; x_wconf 89' lang='lat' dir='ltr'><strong>cst</strong></span> <span class='ocrx_word' id='word_1_264' title='bbox 1078 3545 1200 3601; x_wconf 87' lang='lat' dir='ltr'><strong>voluutas</strong></span> 
     </span>
    </p>
   </div>
   <div class='ocr_carea' id='block_1_4' title="bbox 408 3638 1198 3797">
    <p class='ocr_par' dir='ltr' id='par_1_4' title="bbox 408 3638 1198 3797">
     <span class='ocr_line' id='line_1_34' title="bbox 408 3638 920 3707; baseline -0.006 -14"><span class='ocrx_word' id='word_1_265' title='bbox 408 3641 470 3705; x_wconf 79' lang='lat' dir='ltr'><strong>nilla,</strong></span> <span class='ocrx_word' id='word_1_266' title='bbox 487 3656 503 3696; x_wconf 87' lang='lat' dir='ltr'><strong>a</strong></span> <span class='ocrx_word' id='word_1_267' title='bbox 517 3647 611 3696; x_wconf 88' lang='lat' dir='ltr'><strong>natura</strong></span> <span class='ocrx_word' id='word_1_268' title='bbox 622 3653 676 3694; x_wconf 92' lang='lat' dir='ltr'><strong>non</strong></span> <span class='ocrx_word' id='word_1_269' title='bbox 690 3645 778 3707; x_wconf 85' lang='lat' dir='ltr'><strong>potest</strong></span> <span class='ocrx_word' id='word_1_270' title='bbox 790 3638 920 3706; x_wconf 85' lang='lat' dir='ltr'><strong>separari.</strong></span> 
     </span>
     <span class='ocr_line' id='line_1_35' title="bbox 443 3725 1198 3797; baseline -0.007 -12"><span class='ocrx_word' id='word_1_271' title='bbox 443 3728 673 3785; x_wconf 63' lang='lat' dir='ltr'><strong>iterantium</strong></span> <span class='ocrx_word' id='word_1_272' title='bbox 692 3742 756 3797; x_wconf 76' lang='lat' dir='ltr'><strong>ergo</strong></span> <span class='ocrx_word' id='word_1_273' title='bbox 770 3727 946 3781; x_wconf 84' lang='lat' dir='ltr'><strong>subtilitatem</strong></span> <span class='ocrx_word' id='word_1_274' title='bbox 965 3725 1125 3781; x_wconf 75' lang='lat' dir='ltr'><strong>divisionum</strong></span> <span class='ocrx_word' id='word_1_275' title='bbox 1146 3742 1198 3780; x_wconf 94' lang='lat' dir='ltr'><strong>uon</strong></span> 
     </span>
    </p>
   </div>
   <div class='ocr_carea' id='block_1_5' title="bbox 312 3816 1199 3889">
    <p class='ocr_par' dir='ltr' id='par_1_5' title="bbox 312 3816 1199 3889">
     <span class='ocr_line' id='line_1_36' title="bbox 312 3816 1199 3889; baseline -0.005 -12"><span class='ocrx_word' id='word_1_276' title='bbox 312 3840 317 3847; x_wconf 90' lang='lat'><strong>·</strong></span> <span class='ocrx_word' id='word_1_277' title='bbox 407 3820 594 3889; x_wconf 88' lang='lat' dir='ltr'><strong>introspiciens</strong></span> <span class='ocrx_word' id='word_1_278' title='bbox 608 3818 787 3884; x_wconf 71' lang='lat' dir='ltr'><strong>llauicltusus,</strong></span> <span class='ocrx_word' id='word_1_279' title='bbox 801 3816 1028 3872; x_wconf 86' lang='lat' dir='ltr'><strong>Tratlucianorum</strong></span> <span class='ocrx_word' id='word_1_280' title='bbox 1043 3818 1120 3872; x_wconf 89' lang='lat' dir='ltr'><strong>nobis</strong></span> <span class='ocrx_word' id='word_1_281' title='bbox 1136 3833 1199 3888; x_wconf 89' lang='lat' dir='ltr'><strong>pro·</strong></span> 
     </span>
    </p>
   </div>
   <div class='ocr_carea' id='block_1_6' title="bbox 405 3907 1201 5802">
    <p class='ocr_par' dir='ltr' id='par_1_6' title="bbox 405 3907 1201 5802">
     <span class='ocr_line' id='line_1_37' title="bbox 407 3907 1200 3978; baseline -0.004 -12"><span class='ocrx_word' id='word_1_282' title='bbox 407 3911 483 3966; x_wconf 79' lang='lat' dir='ltr'><strong>duxit</strong></span> <span class='ocrx_word' id='word_1_283' title='bbox 495 3909 627 3963; x_wconf 83' lang='lat' dir='ltr'><strong>examina.</strong></span> <span class='ocrx_word' id='word_1_284' title='bbox 642 3909 849 3978; x_wconf 78' lang='lat' dir='ltr'><strong>brgttmeutatur</strong></span> <span class='ocrx_word' id='word_1_285' title='bbox 859 3907 930 3961; x_wconf 92' lang='lat' dir='ltr'><strong>euim</strong></span> <span class='ocrx_word' id='word_1_286' title='bbox 943 3908 993 3961; x_wconf 81' lang='lat' dir='ltr'><strong>linc</strong></span> <span class='ocrx_word' id='word_1_287' title='bbox 1008 3907 1087 3962; x_wconf 81' lang='lat' dir='ltr'><strong>mttdo</strong></span> <span class='ocrx_word' id='word_1_288' title='bbox 1104 3907 1200 3963; x_wconf 85' lang='lat' dir='ltr'><strong>:Unde</strong></span> 
     </span>
     <span class='ocr_line' id='line_1_38' title="bbox 407 3996 1199 4057; baseline -0.006 0"><span class='ocrx_word' id='word_1_289' title='bbox 407 3998 526 4057; x_wconf 83' lang='lat' dir='ltr'><strong>utaluml</strong></span> <span class='ocrx_word' id='word_1_290' title='bbox 540 3999 669 4055; x_wconf 85' lang='lat' dir='ltr'><strong>Nimirum</strong></span> <span class='ocrx_word' id='word_1_291' title='bbox 682 3998 716 4053; x_wconf 93' lang='lat' dir='ltr'><strong>dc</strong></span> <span class='ocrx_word' id='word_1_292' title='bbox 729 3997 876 4053; x_wconf 79' lang='lat' dir='ltr'><strong>uoluntate.</strong></span> <span class='ocrx_word' id='word_1_293' title='bbox 891 3996 967 4053; x_wconf 86' lang='lat' dir='ltr'><strong>Unde</strong></span> <span class='ocrx_word' id='word_1_294' title='bbox 980 3997 1103 4053; x_wconf 77' lang='lat' dir='ltr'><strong>volumtas</strong></span> <span class='ocrx_word' id='word_1_295' title='bbox 1118 3999 1199 4053; x_wconf 76' lang='lat' dir='ltr'><strong>malai</strong></span> 
     </span>
     <span class='ocr_line' id='line_1_39' title="bbox 408 4072 1201 4165; baseline -0.006 -16"><span class='ocrx_word' id='word_1_296' title='bbox 408 4072 573 4165; x_wconf 79' lang='lat' dir='ltr'><strong>Respondet,</strong></span> <span class='ocrx_word' id='word_1_297' title='bbox 585 4090 623 4145; x_wconf 88' lang='lat' dir='ltr'><strong>Ue</strong></span> <span class='ocrx_word' id='word_1_298' title='bbox 633 4089 751 4144; x_wconf 89' lang='lat' dir='ltr'><strong>humine.</strong></span> <span class='ocrx_word' id='word_1_299' title='bbox 766 4087 841 4144; x_wconf 89' lang='lat' dir='ltr'><strong>Unde</strong></span> <span class='ocrx_word' id='word_1_300' title='bbox 852 4087 954 4143; x_wconf 86' lang='lat' dir='ltr'><strong>lrotuol</strong></span> <span class='ocrx_word' id='word_1_301' title='bbox 964 4088 1014 4143; x_wconf 82' lang='lat' dir='ltr'><strong>Uer</strong></span> <span class='ocrx_word' id='word_1_302' title='bbox 1025 4088 1119 4143; x_wconf 82' lang='lat' dir='ltr'><strong>licum.</strong></span> <span class='ocrx_word' id='word_1_303' title='bbox 1130 4089 1201 4145; x_wconf 84' lang='lat' dir='ltr'><strong>Cott-</strong></span> 
     </span>
     <span class='ocr_line' id='line_1_40' title="bbox 408 4166 1198 4257; baseline -0.006 -17"><span class='ocrx_word' id='word_1_304' title='bbox 408 4166 544 4257; x_wconf 80' lang='lat' dir='ltr'><strong>cluditque</strong></span> <span class='ocrx_word' id='word_1_305' title='bbox 558 4182 605 4239; x_wconf 89' lang='lat' dir='ltr'><strong>:Si</strong></span> <span class='ocrx_word' id='word_1_306' title='bbox 619 4181 717 4245; x_wconf 87' lang='lat' dir='ltr'><strong>malum</strong></span> <span class='ocrx_word' id='word_1_307' title='bbox 735 4194 768 4235; x_wconf 81' lang='lat' dir='ltr'><strong>cs</strong></span> <span class='ocrx_word' id='word_1_308' title='bbox 787 4179 912 4247; x_wconf 91' lang='lat' dir='ltr'><strong>homine,</strong></span> <span class='ocrx_word' id='word_1_309' title='bbox 932 4178 1014 4235; x_wconf 90' lang='lat' dir='ltr'><strong>homo</strong></span> <span class='ocrx_word' id='word_1_310' title='bbox 1033 4194 1082 4250; x_wconf 91' lang='lat' dir='ltr'><strong>per</strong></span> <span class='ocrx_word' id='word_1_311' title='bbox 1097 4180 1198 4246; x_wconf 87' lang='lat' dir='ltr'><strong>Ucuut;</strong></span> 
     </span>
     <span class='ocr_line' id='line_1_41' title="bbox 409 4269 1198 4345; baseline -0.011 -14"><span class='ocrx_word' id='word_1_312' title='bbox 409 4275 509 4331; x_wconf 88' lang='lat' dir='ltr'><strong>malttm</strong></span> <span class='ocrx_word' id='word_1_313' title='bbox 524 4273 603 4345; x_wconf 77' lang='lat' dir='ltr'><strong>igitur</strong></span> <span class='ocrx_word' id='word_1_314' title='bbox 616 4286 664 4343; x_wconf 91' lang='lat' dir='ltr'><strong>per</strong></span> <span class='ocrx_word' id='word_1_315' title='bbox 678 4271 771 4326; x_wconf 82' lang='lat' dir='ltr'><strong>Deum.</strong></span> <span class='ocrx_word' id='word_1_316' title='bbox 782 4269 815 4324; x_wconf 86' lang='lat' dir='ltr'><strong>Et</strong></span> <span class='ocrx_word' id='word_1_317' title='bbox 824 4277 885 4341; x_wconf 91' lang='lat' dir='ltr'><strong>post</strong></span> <span class='ocrx_word' id='word_1_318' title='bbox 897 4269 1040 4340; x_wconf 88' lang='lat' dir='ltr'><strong>ttoc,qunsi</strong></span> <span class='ocrx_word' id='word_1_319' title='bbox 1049 4270 1198 4339; x_wconf 75' lang='lat' dir='ltr'><strong>religiosus,</strong></span> 
     </span>
     <span class='ocr_line' id='line_1_42' title="bbox 408 4360 1198 4429; baseline -0.011 -4"><span class='ocrx_word' id='word_1_320' title='bbox 408 4384 444 4424; x_wconf 91' lang='lat' dir='ltr'><strong>nc</strong></span> <span class='ocrx_word' id='word_1_321' title='bbox 453 4365 625 4424; x_wconf 88' lang='lat' dir='ltr'><strong>criminosum</strong></span> <span class='ocrx_word' id='word_1_322' title='bbox 636 4361 716 4419; x_wconf 83' lang='lat' dir='ltr'><strong>iaciat</strong></span> <span class='ocrx_word' id='word_1_323' title='bbox 726 4362 820 4427; x_wconf 78' lang='lat' dir='ltr'><strong>Uerum,</strong></span> <span class='ocrx_word' id='word_1_324' title='bbox 831 4360 877 4416; x_wconf 88' lang='lat' dir='ltr'><strong>dat</strong></span> <span class='ocrx_word' id='word_1_325' title='bbox 887 4361 1056 4417; x_wconf 87' lang='lat' dir='ltr'><strong>tenebrarum</strong></span> <span class='ocrx_word' id='word_1_326' title='bbox 1065 4371 1198 4429; x_wconf 91' lang='lat' dir='ltr'><strong>naturam,</strong></span> 
     </span>
     <span class='ocr_line' id='line_1_43' title="bbox 408 4453 1199 4524; baseline -0.011 -7"><span class='ocrx_word' id='word_1_327' title='bbox 408 4461 452 4518; x_wconf 90' lang='lat' dir='ltr'><strong>cui</strong></span> <span class='ocrx_word' id='word_1_328' title='bbox 471 4459 571 4515; x_wconf 89' lang='lat' dir='ltr'><strong>malum</strong></span> <span class='ocrx_word' id='word_1_329' title='bbox 590 4456 735 4512; x_wconf 89' lang='lat' dir='ltr'><strong>debeamus</strong></span> <span class='ocrx_word' id='word_1_330' title='bbox 755 4453 918 4509; x_wconf 85' lang='lat' dir='ltr'><strong>adscribere.</strong></span> <span class='ocrx_word' id='word_1_331' title='bbox 938 4453 1005 4508; x_wconf 84' lang='lat' dir='ltr'><strong>Hinc</strong></span> <span class='ocrx_word' id='word_1_332' title='bbox 1025 4461 1053 4508; x_wconf 94' lang='lat' dir='ltr'><strong>et</strong></span> <span class='ocrx_word' id='word_1_333' title='bbox 1072 4455 1199 4524; x_wconf 77' lang='lat' dir='ltr'><strong>niequeti·</strong></span> 
     </span>
     <span class='ocr_line' id='line_1_44' title="bbox 408 4541 1197 4615; baseline -0.009 -9"><span class='ocrx_word' id='word_1_334' title='bbox 408 4564 485 4607; x_wconf 89' lang='lat' dir='ltr'><strong>uus:</strong></span> <span class='ocrx_word' id='word_1_335' title='bbox 508 4547 584 4605; x_wconf 88' lang='lat' dir='ltr'><strong>Unde</strong></span> <span class='ocrx_word' id='word_1_336' title='bbox 606 4545 723 4601; x_wconf 83' lang='lat' dir='ltr'><strong>maluml</strong></span> <span class='ocrx_word' id='word_1_337' title='bbox 748 4545 785 4599; x_wconf 86' lang='lat' dir='ltr'><strong>Ue</strong></span> <span class='ocrx_word' id='word_1_338' title='bbox 808 4543 953 4598; x_wconf 82' lang='lat' dir='ltr'><strong>uoluntate.</strong></span> <span class='ocrx_word' id='word_1_339' title='bbox 974 4541 1067 4608; x_wconf 83' lang='lat' dir='ltr'><strong>Unde,</strong></span> <span class='ocrx_word' id='word_1_340' title='bbox 1092 4544 1197 4615; x_wconf 90' lang='lat' dir='ltr'><strong>iuquit,</strong></span> 
     </span>
     <span class='ocr_line' id='line_1_45' title="bbox 407 4634 1197 4714; baseline -0.01 -16"><span class='ocrx_word' id='word_1_341' title='bbox 407 4640 605 4714; x_wconf 83' lang='lat' dir='ltr'><strong>ipsaroluntast</strong></span> <span class='ocrx_word' id='word_1_342' title='bbox 617 4640 653 4694; x_wconf 85' lang='lat' dir='ltr'><strong>Ue</strong></span> <span class='ocrx_word' id='word_1_343' title='bbox 663 4637 781 4704; x_wconf 87' lang='lat' dir='ltr'><strong>bomine,</strong></span> <span class='ocrx_word' id='word_1_344' title='bbox 790 4636 834 4706; x_wconf 93' lang='lat' dir='ltr'><strong>qui</strong></span> <span class='ocrx_word' id='word_1_345' title='bbox 846 4644 887 4690; x_wconf 89' lang='lat' dir='ltr'><strong>est</strong></span> <span class='ocrx_word' id='word_1_346' title='bbox 897 4649 964 4705; x_wconf 90' lang='lat' dir='ltr'><strong>opus</strong></span> <span class='ocrx_word' id='word_1_347' title='bbox 973 4635 1031 4691; x_wconf 87' lang='lat' dir='ltr'><strong>lici.</strong></span> <span class='ocrx_word' id='word_1_348' title='bbox 1039 4634 1074 4690; x_wconf 83' lang='lat' dir='ltr'><strong>Et</strong></span> <span class='ocrx_word' id='word_1_349' title='bbox 1083 4637 1197 4707; x_wconf 81' lang='lat' dir='ltr'><strong>colliqit:</strong></span> 
     </span>
     <span class='ocr_line' id='line_1_46' title="bbox 407 4724 1198 4796; baseline -0.01 -6"><span class='ocrx_word' id='word_1_350' title='bbox 407 4734 436 4790; x_wconf 78' lang='lat' dir='ltr'><strong>Si</strong></span> <span class='ocrx_word' id='word_1_351' title='bbox 450 4733 547 4789; x_wconf 89' lang='lat' dir='ltr'><strong>malurn</strong></span> <span class='ocrx_word' id='word_1_352' title='bbox 571 4746 604 4787; x_wconf 86' lang='lat' dir='ltr'><strong>ex</strong></span> <span class='ocrx_word' id='word_1_353' title='bbox 617 4730 770 4796; x_wconf 81' lang='lat' dir='ltr'><strong>uoluntate,</strong></span> <span class='ocrx_word' id='word_1_354' title='bbox 795 4727 916 4781; x_wconf 87' lang='lat' dir='ltr'><strong>voluntas</strong></span> <span class='ocrx_word' id='word_1_355' title='bbox 936 4741 970 4781; x_wconf 85' lang='lat' dir='ltr'><strong>ex</strong></span> <span class='ocrx_word' id='word_1_356' title='bbox 985 4724 1102 4793; x_wconf 86' lang='lat' dir='ltr'><strong>ltomiue,</strong></span> <span class='ocrx_word' id='word_1_357' title='bbox 1117 4726 1198 4782; x_wconf 89' lang='lat' dir='ltr'><strong>bomo</strong></span> 
     </span>
     <span class='ocr_line' id='line_1_47' title="bbox 408 4815 1198 4895; baseline -0.008 -18"><span class='ocrx_word' id='word_1_358' title='bbox 408 4838 476 4895; x_wconf 86' lang='lat' dir='ltr'><strong>opus</strong></span> <span class='ocrx_word' id='word_1_359' title='bbox 486 4822 533 4878; x_wconf 89' lang='lat' dir='ltr'><strong>Uei</strong></span> <span class='ocrx_word' id='word_1_360' title='bbox 542 4841 550 4888; x_wconf 91' lang='grc'>;</span> <span class='ocrx_word' id='word_1_361' title='bbox 559 4820 658 4877; x_wconf 91' lang='lat' dir='ltr'><strong>malum</strong></span> <span class='ocrx_word' id='word_1_362' title='bbox 667 4819 745 4893; x_wconf 77' lang='lat' dir='ltr'><strong>igitur</strong></span> <span class='ocrx_word' id='word_1_363' title='bbox 757 4834 803 4888; x_wconf 88' lang='lat' dir='ltr'><strong>per</strong></span> <span class='ocrx_word' id='word_1_364' title='bbox 814 4818 907 4873; x_wconf 88' lang='lat' dir='ltr'><strong>Ueum.</strong></span> <span class='ocrx_word' id='word_1_365' title='bbox 917 4815 992 4886; x_wconf 84' lang='lat' dir='ltr'><strong>Quod</strong></span> <span class='ocrx_word' id='word_1_366' title='bbox 1001 4817 1076 4887; x_wconf 88' lang='lat' dir='ltr'><strong>quasi</strong></span> <span class='ocrx_word' id='word_1_367' title='bbox 1086 4827 1198 4873; x_wconf 86' lang='lat' dir='ltr'><strong>conatus</strong></span> 
     </span>
     <span class='ocr_line' id='line_1_48' title="bbox 406 4908 1199 4977; baseline -0.01 -6"><span class='ocrx_word' id='word_1_368' title='bbox 406 4916 565 4977; x_wconf 79' lang='lat' dir='ltr'><strong>absolvere,</strong></span> <span class='ocrx_word' id='word_1_369' title='bbox 590 4928 623 4969; x_wconf 88' lang='lat' dir='ltr'><strong>ne</strong></span> <span class='ocrx_word' id='word_1_370' title='bbox 646 4913 730 4969; x_wconf 87' lang='lat' dir='ltr'><strong>Ucum</strong></span> <span class='ocrx_word' id='word_1_371' title='bbox 752 4911 925 4967; x_wconf 89' lang='lat' dir='ltr'><strong>criminosum</strong></span> <span class='ocrx_word' id='word_1_372' title='bbox 948 4909 1038 4967; x_wconf 90' lang='lat' dir='ltr'><strong>dicere</strong></span> <span class='ocrx_word' id='word_1_373' title='bbox 1063 4908 1199 4966; x_wconf 81' lang='lat' dir='ltr'><strong>rideretur</strong></span> 
     </span>
     <span class='ocr_line' id='line_1_49' title="bbox 407 5001 1198 5078; baseline 0.001 -21"><span class='ocrx_word' id='word_1_374' title='bbox 407 5004 490 5078; x_wconf 67' lang='lat' dir='ltr'><strong>(eumd</strong></span> <span class='ocrx_word' id='word_1_375' title='bbox 506 5002 599 5058; x_wconf 86' lang='lat' dir='ltr'><strong>tradux</strong></span> <span class='ocrx_word' id='word_1_376' title='bbox 614 5002 671 5068; x_wconf 83' lang='lat' dir='ltr'><strong>ejus</strong></span> <span class='ocrx_word' id='word_1_377' title='bbox 684 5001 821 5072; x_wconf 77' lang='lat' dir='ltr'><strong>affirmat),</strong></span> <span class='ocrx_word' id='word_1_378' title='bbox 835 5001 980 5057; x_wconf 72' lang='lat' dir='ltr'><strong>violentum</strong></span> <span class='ocrx_word' id='word_1_379' title='bbox 994 5015 1069 5071; x_wconf 76' lang='lat' dir='ltr'><strong>acque</strong></span> <span class='ocrx_word' id='word_1_380' title='bbox 1080 5015 1129 5070; x_wconf 91' lang='lat' dir='ltr'><strong>pro</strong></span> <span class='ocrx_word' id='word_1_381' title='bbox 1143 5001 1198 5058; x_wconf 86' lang='lat' dir='ltr'><strong>Uen</strong></span> 
     </span>
     <span class='ocr_line' id='line_1_50' title="bbox 406 5089 1198 5160; baseline -0.006 -7"><span class='ocrx_word' id='word_1_382' title='bbox 406 5094 486 5153; x_wconf 84' lang='lat' dir='ltr'><strong>nobis</strong></span> <span class='ocrx_word' id='word_1_383' title='bbox 496 5091 562 5149; x_wconf 86' lang='lat' dir='ltr'><strong>rtilril</strong></span> <span class='ocrx_word' id='word_1_384' title='bbox 573 5090 679 5156; x_wconf 93' lang='lat' dir='ltr'><strong>obtulit,</strong></span> <span class='ocrx_word' id='word_1_385' title='bbox 690 5089 716 5144; x_wconf 90' lang='lat' dir='ltr'><strong>id</strong></span> <span class='ocrx_word' id='word_1_386' title='bbox 732 5101 783 5156; x_wconf 91' lang='lat' dir='ltr'><strong>cst,</strong></span> <span class='ocrx_word' id='word_1_387' title='bbox 796 5090 919 5147; x_wconf 89' lang='lat' dir='ltr'><strong>tenebras</strong></span> <span class='ocrx_word' id='word_1_388' title='bbox 930 5090 1026 5160; x_wconf 92' lang='lat' dir='ltr'><strong>quibus</strong></span> <span class='ocrx_word' id='word_1_389' title='bbox 1036 5092 1135 5147; x_wconf 89' lang='lat' dir='ltr'><strong>malum</strong></span> <span class='ocrx_word' id='word_1_390' title='bbox 1147 5091 1198 5148; x_wconf 90' lang='lat' dir='ltr'><strong>boc</strong></span> 
     </span>
     <span class='ocr_line' id='line_1_51' title="bbox 406 5181 1198 5254; baseline 0 -12"><span class='ocrx_word' id='word_1_391' title='bbox 406 5185 560 5243; x_wconf 80' lang='lat' dir='ltr'><strong>adscribere</strong></span> <span class='ocrx_word' id='word_1_392' title='bbox 574 5182 742 5239; x_wconf 87' lang='lat' dir='ltr'><strong>deberemus.</strong></span> <span class='ocrx_word' id='word_1_393' title='bbox 761 5200 771 5232; x_wconf 78' lang='grc' dir='ltr'><strong>ι</strong></span> <span class='ocrx_word' id='word_1_394' title='bbox 788 5181 846 5237; x_wconf 88' lang='lat' dir='ltr'><strong>Non</strong></span> <span class='ocrx_word' id='word_1_395' title='bbox 859 5182 949 5247; x_wconf 90' lang='lat' dir='ltr'><strong>enim,</strong></span> <span class='ocrx_word' id='word_1_396' title='bbox 964 5200 975 5234; x_wconf 76' lang='lat' dir='ltr'><strong>s</strong></span> <span class='ocrx_word' id='word_1_397' title='bbox 992 5182 1092 5254; x_wconf 84' lang='lat' dir='ltr'><strong>iuquit,</strong></span> <span class='ocrx_word' id='word_1_398' title='bbox 1110 5203 1119 5236; x_wconf 92' lang='lat' dir='ltr'><strong>t</strong></span> <span class='ocrx_word' id='word_1_399' title='bbox 1138 5184 1198 5241; x_wconf 90' lang='lat' dir='ltr'><strong>idco</strong></span> 
     </span>
     <span class='ocr_line' id='line_1_52' title="bbox 406 5273 1198 5344; baseline 0 -11"><span class='ocrx_word' id='word_1_400' title='bbox 406 5276 434 5333; x_wconf 91' lang='lat' dir='ltr'><strong>in</strong></span> <span class='ocrx_word' id='word_1_401' title='bbox 446 5273 553 5331; x_wconf 87' lang='lat' dir='ltr'><strong>bomine</strong></span> <span class='ocrx_word' id='word_1_402' title='bbox 567 5274 665 5330; x_wconf 90' lang='lat' dir='ltr'><strong>malum</strong></span> <span class='ocrx_word' id='word_1_403' title='bbox 679 5280 770 5328; x_wconf 89' lang='lat' dir='ltr'><strong>natum</strong></span> <span class='ocrx_word' id='word_1_404' title='bbox 784 5281 836 5338; x_wconf 89' lang='lat' dir='ltr'><strong>est,</strong></span> <span class='ocrx_word' id='word_1_405' title='bbox 851 5273 912 5343; x_wconf 82' lang='lat' dir='ltr'><strong>qnia</strong></span> <span class='ocrx_word' id='word_1_406' title='bbox 924 5288 992 5344; x_wconf 89' lang='lat' dir='ltr'><strong>opus</strong></span> <span class='ocrx_word' id='word_1_407' title='bbox 1004 5275 1049 5330; x_wconf 81' lang='lat' dir='ltr'><strong>Uei</strong></span> <span class='ocrx_word' id='word_1_408' title='bbox 1060 5285 1133 5342; x_wconf 89' lang='lat' dir='ltr'><strong>erat,</strong></span> <span class='ocrx_word' id='word_1_409' title='bbox 1149 5277 1198 5334; x_wconf 91' lang='lat' dir='ltr'><strong>sed</strong></span> 
     </span>
     <span class='ocr_line' id='line_1_53' title="bbox 406 5363 1195 5440; baseline 0 -15"><span class='ocrx_word' id='word_1_410' title='bbox 406 5366 469 5425; x_wconf 82' lang='lat' dir='ltr'><strong>ideo</strong></span> <span class='ocrx_word' id='word_1_411' title='bbox 481 5364 585 5437; x_wconf 87' lang='lat' dir='ltr'><strong>quiade</strong></span> <span class='ocrx_word' id='word_1_412' title='bbox 598 5364 682 5422; x_wconf 86' lang='lat' dir='ltr'><strong>nihilo</strong></span> <span class='ocrx_word' id='word_1_413' title='bbox 695 5373 752 5422; x_wconf 90' lang='lat' dir='ltr'><strong>crat</strong></span> <span class='ocrx_word' id='word_1_414' title='bbox 763 5363 835 5440; x_wconf 77' lang='lat' dir='ltr'><strong>s(Us</strong></span> <span class='ocrx_word' id='word_1_415' title='bbox 849 5363 875 5420; x_wconf 86' lang='lat' dir='ltr'><strong>tt</strong></span> <span class='ocrx_word' id='word_1_416' title='bbox 877 5374 931 5436; x_wconf 82' lang='lat' dir='ltr'><strong>apt.</strong></span> <span class='ocrx_word' id='word_1_417' title='bbox 942 5374 967 5420; x_wconf 85' lang='lat' dir='ltr'><strong>et</strong></span> <span class='ocrx_word' id='word_1_418' title='bbox 973 5363 1153 5438; x_wconf 82' lang='lat' dir='ltr'><strong>Concrrp.,lib.</strong></span> <span class='ocrx_word' id='word_1_419' title='bbox 1168 5369 1195 5436; x_wconf 78' lang='lat'><strong>2,</strong></span> 
     </span>
     <span class='ocr_line' id='line_1_54' title="bbox 405 5454 1196 5532; baseline 0.003 -19"><span class='ocrx_word' id='word_1_420' title='bbox 405 5474 434 5513; x_wconf 85' lang='lat' dir='ltr'><strong>rt.</strong></span> <span class='ocrx_word' id='word_1_421' title='bbox 447 5456 504 5528; x_wconf 78' lang='lat' dir='ltr'><strong>tt).</strong></span> <span class='ocrx_word' id='word_1_422' title='bbox 524 5454 605 5525; x_wconf 84' lang='lat' dir='ltr'><strong>Qttasi</strong></span> <span class='ocrx_word' id='word_1_423' title='bbox 617 5456 716 5513; x_wconf 78' lang='lat' dir='ltr'><strong>vuius</strong></span> <span class='ocrx_word' id='word_1_424' title='bbox 734 5457 897 5526; x_wconf 88' lang='lat' dir='ltr'><strong>respondere</strong></span> <span class='ocrx_word' id='word_1_425' title='bbox 919 5473 971 5512; x_wconf 92' lang='lat' dir='ltr'><strong>uon</strong></span> <span class='ocrx_word' id='word_1_426' title='bbox 984 5459 1088 5530; x_wconf 90' lang='lat' dir='ltr'><strong>possit:</strong></span> <span class='ocrx_word' id='word_1_427' title='bbox 1101 5460 1135 5515; x_wconf 87' lang='lat' dir='ltr'><strong>Et</strong></span> <span class='ocrx_word' id='word_1_428' title='bbox 1144 5476 1196 5532; x_wconf 83' lang='lat' dir='ltr'><strong>qua</strong></span> 
     </span>
     <span class='ocr_line' id='line_1_55' title="bbox 406 5544 1197 5618; baseline 0.004 -14"><span class='ocrx_word' id='word_1_429' title='bbox 406 5544 569 5618; x_wconf 87' lang='lat' dir='ltr'><strong>impudentia</strong></span> <span class='ocrx_word' id='word_1_430' title='bbox 582 5545 667 5616; x_wconf 91' lang='lat' dir='ltr'><strong>primo</strong></span> <span class='ocrx_word' id='word_1_431' title='bbox 678 5546 802 5602; x_wconf 89' lang='lat' dir='ltr'><strong>mentitur</strong></span> <span class='ocrx_word' id='word_1_432' title='bbox 815 5548 886 5603; x_wconf 82' lang='lat' dir='ltr'><strong>licus</strong></span> <span class='ocrx_word' id='word_1_433' title='bbox 899 5556 969 5615; x_wconf 92' lang='lat' dir='ltr'><strong>tuus,</strong></span> <span class='ocrx_word' id='word_1_434' title='bbox 980 5564 1040 5604; x_wconf 90' lang='lat' dir='ltr'><strong>csse</strong></span> <span class='ocrx_word' id='word_1_435' title='bbox 1051 5552 1076 5605; x_wconf 91' lang='lat' dir='ltr'><strong>in</strong></span> <span class='ocrx_word' id='word_1_436' title='bbox 1089 5551 1197 5607; x_wconf 87' lang='lat' dir='ltr'><strong>immine</strong></span> 
     </span>
     <span class='ocr_line' id='line_1_56' title="bbox 406 5636 1194 5709; baseline 0.004 -15"><span class='ocrx_word' id='word_1_437' title='bbox 406 5639 588 5703; x_wconf 64' lang='lat' dir='ltr'><strong>voluntatem</strong></span> <span class='ocrx_word' id='word_1_438' title='bbox 607 5636 704 5693; x_wconf 90' lang='lat' dir='ltr'><strong>deinde</strong></span> <span class='ocrx_word' id='word_1_439' title='bbox 716 5637 894 5706; x_wconf 90' lang='lat' dir='ltr'><strong>condemnat,</strong></span> <span class='ocrx_word' id='word_1_440' title='bbox 914 5653 974 5693; x_wconf 90' lang='lat' dir='ltr'><strong>cum</strong></span> <span class='ocrx_word' id='word_1_441' title='bbox 995 5640 1093 5694; x_wconf 88' lang='lat' dir='ltr'><strong>mulum</strong></span> <span class='ocrx_word' id='word_1_442' title='bbox 1106 5642 1194 5709; x_wconf 89' lang='lat' dir='ltr'><strong>istud,</strong></span> 
     </span>
     <span class='ocr_line' id='line_1_57' title="bbox 406 5726 1193 5802; baseline 0.004 -18"><span class='ocrx_word' id='word_1_443' title='bbox 406 5726 1193 5802; x_wconf 69' lang='lat' dir='ltr'><strong>uidelicetpeccatum,deuecessitatenormitteuebrarum,</strong></span> 
     </span>
    </p>
   </div>
   <div class='ocr_carea' id='block_1_7' title="bbox 405 5940 1197 6126">
    <p class='ocr_par' dir='ltr' id='par_1_7' title="bbox 405 5940 1197 6126">
     <span class='ocr_line' id='line_1_58' title="bbox 435 5940 1197 6013; baseline 0.017 -24"><span class='ocrx_word' id='word_1_444' title='bbox 435 5940 532 6002; x_wconf 68' lang='lat' dir='ltr'><strong>tuditi,</strong></span> <span class='ocrx_word' id='word_1_445' title='bbox 547 5946 725 6002; x_wconf 63' lang='lat' dir='ltr'><strong>meran:</strong></span> <span class='ocrx_word' id='word_1_446' title='bbox 742 5942 831 5994; x_wconf 70' lang='lat' dir='ltr'><strong>natm</strong></span> <span class='ocrx_word' id='word_1_447' title='bbox 851 5950 960 6009; x_wconf 69' lang='lat' dir='ltr'><strong>negame</strong></span> <span class='ocrx_word' id='word_1_448' title='bbox 979 5945 1112 6011; x_wconf 72' lang='lat' dir='ltr'><strong>puuuu,</strong></span> <span class='ocrx_word' id='word_1_449' title='bbox 1124 5960 1197 6013; x_wconf 84' lang='lat' dir='ltr'><strong>quun</strong></span> 
     </span>
     <span class='ocr_line' id='line_1_59' title="bbox 405 6004 821 6126; baseline 0.017 -73"><span class='ocrx_word' id='word_1_450' title='bbox 405 6004 787 6126; x_wconf 46' lang='grc' dir='ltr'><strong>ειίἶιωεὲεεειῶιίειεειιιιιίιεεε.</strong></span> <span class='ocrx_word' id='word_1_451' title='bbox 818 6105 821 6109; x_wconf 82' lang='lat'><strong>.</strong></span> 
     </span>
    </p>
   </div>
   <div class='ocr_carea' id='block_1_8' title="bbox 759 604 1713 672">
    <p class='ocr_par' dir='ltr' id='par_1_8' title="bbox 759 604 1713 672">
     <span class='ocr_line' id='line_1_60' title="bbox 759 604 1713 672; baseline -0.007 -4"><span class='ocrx_word' id='word_1_452' title='bbox 759 610 881 668; x_wconf 74' lang='lat' dir='ltr'><strong>utsuts</strong></span> <span class='ocrx_word' id='word_1_453' title='bbox 899 608 1104 667; x_wconf 76' lang='lat' dir='ltr'><strong>turentsscrt</strong></span> <span class='ocrx_word' id='word_1_454' title='bbox 1124 604 1261 664; x_wconf 69' lang='lat' dir='ltr'>CONTRA</span> <span class='ocrx_word' id='word_1_455' title='bbox 1281 604 1510 672; x_wconf 62' lang='lat' dir='ltr'><strong>lusitantes.</strong></span> <span class='ocrx_word' id='word_1_456' title='bbox 1531 604 1713 663; x_wconf 65' lang='lat' dir='ltr'><strong>aiUGUSle&#39;l</strong></span> 
     </span>
    </p>
   </div>
   <div class='ocr_carea' id='block_1_9' title="bbox 1247 602 2064 6013">
    <p class='ocr_par' dir='ltr' id='par_1_9' title="bbox 1247 602 2064 6013">
     <span class='ocr_line' id='line_1_61' title="bbox 1976 602 2044 658; baseline 0 0"><span class='ocrx_word' id='word_1_457' title='bbox 1976 602 2044 658; x_wconf 71' lang='lat' dir='ltr'><strong>libb</strong></span> 
     </span>
     <span class='ocr_line' id='line_1_62' title="bbox 1247 714 2044 789; baseline 0 -18"><span class='ocrx_word' id='word_1_458' title='bbox 1247 716 1336 784; x_wconf 90' lang='lat' dir='ltr'><strong>idest,</strong></span> <span class='ocrx_word' id='word_1_459' title='bbox 1351 717 1454 788; x_wconf 89' lang='lat' dir='ltr'><strong>antiqui</strong></span> <span class='ocrx_word' id='word_1_460' title='bbox 1472 716 1547 772; x_wconf 87' lang='lat' dir='ltr'><strong>niltili</strong></span> <span class='ocrx_word' id='word_1_461' title='bbox 1561 716 1723 789; x_wconf 73' lang='lat' dir='ltr'><strong>corrrigisse?</strong></span> <span class='ocrx_word' id='word_1_462' title='bbox 1737 714 1891 772; x_wconf 82' lang='lat' dir='ltr'><strong>lnsscximus</strong></span> <span class='ocrx_word' id='word_1_463' title='bbox 1904 726 1950 784; x_wconf 69' lang='lat' dir='ltr'><strong>pter</strong></span> <span class='ocrx_word' id='word_1_464' title='bbox 1962 729 2044 771; x_wconf 82' lang='lat' dir='ltr'><strong>casus</strong></span> 
     </span>
     <span class='ocr_line' id='line_1_63' title="bbox 1248 807 2044 879; baseline 0 -16"><span class='ocrx_word' id='word_1_465' title='bbox 1248 808 1314 863; x_wconf 84' lang='lat' dir='ltr'><strong>nibil</strong></span> <span class='ocrx_word' id='word_1_466' title='bbox 1325 852 1332 876; x_wconf 97' lang='lat'><strong>,</strong></span> <span class='ocrx_word' id='word_1_467' title='bbox 1345 819 1374 864; x_wconf 89' lang='lat' dir='ltr'><strong>ut</strong></span> <span class='ocrx_word' id='word_1_468' title='bbox 1388 820 1529 879; x_wconf 88' lang='lat' dir='ltr'><strong>appareret</strong></span> <span class='ocrx_word' id='word_1_469' title='bbox 1541 809 1700 865; x_wconf 83' lang='lat' dir='ltr'><strong>Tratluciaui</strong></span> <span class='ocrx_word' id='word_1_470' title='bbox 1715 811 1797 864; x_wconf 74' lang='lat' dir='ltr'><strong>uirtus</strong></span> <span class='ocrx_word' id='word_1_471' title='bbox 1813 811 1838 863; x_wconf 93' lang='lat' dir='ltr'><strong>iu</strong></span> <span class='ocrx_word' id='word_1_472' title='bbox 1854 807 1940 863; x_wconf 78' lang='lat' dir='ltr'><strong>uiltilo</strong></span> <span class='ocrx_word' id='word_1_473' title='bbox 1955 808 2044 863; x_wconf 90' lang='lat' dir='ltr'><strong>collo·</strong></span> 
     </span>
     <span class='ocr_line' id='line_1_64' title="bbox 1247 899 2043 971; baseline -0.001 -16"><span class='ocrx_word' id='word_1_474' title='bbox 1247 901 1333 956; x_wconf 89' lang='lat' dir='ltr'><strong>cautis</strong></span> <span class='ocrx_word' id='word_1_475' title='bbox 1353 915 1427 971; x_wconf 88' lang='lat' dir='ltr'><strong>spem</strong></span> <span class='ocrx_word' id='word_1_476' title='bbox 1445 915 1530 955; x_wconf 84' lang='lat' dir='ltr'><strong>stram.</strong></span> <span class='ocrx_word' id='word_1_477' title='bbox 1552 902 1619 957; x_wconf 86' lang='lat' dir='ltr'><strong>Vide</strong></span> <span class='ocrx_word' id='word_1_478' title='bbox 1636 911 1724 956; x_wconf 91' lang='lat' dir='ltr'><strong>tarueu</strong></span> <span class='ocrx_word' id='word_1_479' title='bbox 1746 900 1956 957; x_wconf 88' lang='lat' dir='ltr'><strong>itubeeillitatern</strong></span> <span class='ocrx_word' id='word_1_480' title='bbox 1977 899 2043 965; x_wconf 88' lang='lat' dir='ltr'><strong>Uei,</strong></span> 
     </span>
     <span class='ocr_line' id='line_1_65' title="bbox 1247 980 2045 1065; baseline 0 -16"><span class='ocrx_word' id='word_1_481' title='bbox 1247 980 1527 1063; x_wconf 86' lang='lat' dir='ltr'><strong>qucm&#39;Traduciauus</strong></span> <span class='ocrx_word' id='word_1_482' title='bbox 1543 994 1651 1050; x_wconf 89' lang='lat' dir='ltr'><strong>inducit.</strong></span> <span class='ocrx_word' id='word_1_483' title='bbox 1673 996 1763 1065; x_wconf 90' lang='lat' dir='ltr'><strong>lpsum</strong></span> <span class='ocrx_word' id='word_1_484' title='bbox 1784 994 1894 1049; x_wconf 87' lang='lat' dir='ltr'><strong>nibilum</strong></span> <span class='ocrx_word' id='word_1_485' title='bbox 1916 1011 2045 1064; x_wconf 84' lang='lat' dir='ltr'><strong>superare</strong></span> 
     </span>
     <span class='ocr_line' id='line_1_66' title="bbox 1247 1083 2041 1156; baseline 0.001 -18"><span class='ocrx_word' id='word_1_486' title='bbox 1247 1097 1302 1138; x_wconf 93' lang='lat' dir='ltr'><strong>non</strong></span> <span class='ocrx_word' id='word_1_487' title='bbox 1327 1083 1431 1141; x_wconf 85' lang='lat' dir='ltr'><strong>valuit:</strong></span> <span class='ocrx_word' id='word_1_488' title='bbox 1453 1099 1567 1156; x_wconf 91' lang='lat' dir='ltr'><strong>cumque</strong></span> <span class='ocrx_word' id='word_1_489' title='bbox 1588 1085 1723 1140; x_wconf 80' lang='lat' dir='ltr'><strong>nominent</strong></span> <span class='ocrx_word' id='word_1_490' title='bbox 1746 1085 1856 1142; x_wconf 81' lang='lat' dir='ltr'><strong>iecisset</strong></span> <span class='ocrx_word' id='word_1_491' title='bbox 1883 1103 1918 1142; x_wconf 84' lang='lat' dir='ltr'><strong>ex</strong></span> <span class='ocrx_word' id='word_1_492' title='bbox 1942 1085 2041 1151; x_wconf 81' lang='lat' dir='ltr'><strong>sribiio,</strong></span> 
     </span>
     <span class='ocr_line' id='line_1_67' title="bbox 1249 1176 2045 1247; baseline 0.004 -18"><span class='ocrx_word' id='word_1_493' title='bbox 1249 1188 1303 1230; x_wconf 92' lang='lat' dir='ltr'><strong>nnn</strong></span> <span class='ocrx_word' id='word_1_494' title='bbox 1313 1190 1374 1230; x_wconf 89' lang='lat' dir='ltr'><strong>eum</strong></span> <span class='ocrx_word' id='word_1_495' title='bbox 1389 1177 1473 1246; x_wconf 92' lang='lat' dir='ltr'><strong>potuit</strong></span> <span class='ocrx_word' id='word_1_496' title='bbox 1489 1177 1668 1232; x_wconf 90' lang='lat' dir='ltr'><strong>aeonditiuue</strong></span> <span class='ocrx_word' id='word_1_497' title='bbox 1684 1176 1763 1243; x_wconf 87' lang='lat' dir='ltr'><strong>maii,</strong></span> <span class='ocrx_word' id='word_1_498' title='bbox 1777 1176 1882 1247; x_wconf 76' lang='lat' dir='ltr'><strong>quade</strong></span> <span class='ocrx_word' id='word_1_499' title='bbox 1898 1176 1986 1232; x_wconf 89' lang='lat' dir='ltr'><strong>uibilo</strong></span> <span class='ocrx_word' id='word_1_500' title='bbox 2000 1192 2045 1232; x_wconf 83' lang='lat' dir='ltr'><strong>re-</strong></span> 
     </span>
     <span class='ocr_line' id='line_1_68' title="bbox 1249 1266 2045 1334; baseline 0.004 -14"><span class='ocrx_word' id='word_1_501' title='bbox 1249 1266 1353 1334; x_wconf 90' lang='lat' dir='ltr'><strong>uiebat,</strong></span> <span class='ocrx_word' id='word_1_502' title='bbox 1369 1281 1468 1324; x_wconf 85' lang='lat' dir='ltr'><strong>exuere</strong></span> <span class='ocrx_word' id='word_1_503' title='bbox 1487 1268 1556 1324; x_wconf 87' lang='lat' dir='ltr'><strong>:scd</strong></span> <span class='ocrx_word' id='word_1_504' title='bbox 1575 1284 1664 1324; x_wconf 87' lang='lat' dir='ltr'><strong>reruur</strong></span> <span class='ocrx_word' id='word_1_505' title='bbox 1686 1268 1843 1324; x_wconf 82' lang='lat' dir='ltr'><strong>ditucnttate</strong></span> <span class='ocrx_word' id='word_1_506' title='bbox 1862 1268 1950 1325; x_wconf 81' lang='lat' dir='ltr'><strong>tactus</strong></span> <span class='ocrx_word' id='word_1_507' title='bbox 1972 1284 2045 1323; x_wconf 88' lang='lat' dir='ltr'><strong>ama·</strong></span> 
     </span>
     <span class='ocr_line' id='line_1_69' title="bbox 1249 1357 2046 1434; baseline 0.008 -22"><span class='ocrx_word' id='word_1_508' title='bbox 1249 1357 1320 1423; x_wconf 89' lang='lat' dir='ltr'><strong>rior,</strong></span> <span class='ocrx_word' id='word_1_509' title='bbox 1335 1373 1383 1428; x_wconf 92' lang='lat' dir='ltr'><strong>pro</strong></span> <span class='ocrx_word' id='word_1_510' title='bbox 1393 1359 1449 1415; x_wconf 93' lang='lat' dir='ltr'><strong>suis</strong></span> <span class='ocrx_word' id='word_1_511' title='bbox 1463 1360 1548 1429; x_wconf 91' lang='lat' dir='ltr'><strong>culpis</strong></span> <span class='ocrx_word' id='word_1_512' title='bbox 1557 1361 1692 1416; x_wconf 86' lang='lat' dir='ltr'><strong>bominem</strong></span> <span class='ocrx_word' id='word_1_513' title='bbox 1702 1361 1869 1426; x_wconf 90' lang='lat' dir='ltr'><strong>criminatur,</strong></span> <span class='ocrx_word' id='word_1_514' title='bbox 1882 1370 1911 1417; x_wconf 91' lang='lat' dir='ltr'><strong>et</strong></span> <span class='ocrx_word' id='word_1_515' title='bbox 1921 1363 2046 1434; x_wconf 70' lang='lat' dir='ltr'><strong>imaginis</strong></span> 
     </span>
     <span class='ocr_line' id='line_1_70' title="bbox 1248 1448 2045 1523; baseline 0.011 -22"><span class='ocrx_word' id='word_1_516' title='bbox 1248 1460 1304 1502; x_wconf 75' lang='lat' dir='ltr'><strong>suec</strong></span> <span class='ocrx_word' id='word_1_517' title='bbox 1318 1448 1403 1503; x_wconf 82' lang='lat' dir='ltr'><strong>exitio</strong></span> <span class='ocrx_word' id='word_1_518' title='bbox 1422 1448 1496 1505; x_wconf 85' lang='lat' dir='ltr'><strong>nihili</strong></span> <span class='ocrx_word' id='word_1_519' title='bbox 1516 1450 1612 1506; x_wconf 89' lang='lat' dir='ltr'><strong>delicta</strong></span> <span class='ocrx_word' id='word_1_520' title='bbox 1630 1451 1799 1508; x_wconf 87' lang='lat' dir='ltr'><strong>condemnat.</strong></span> <span class='ocrx_word' id='word_1_521' title='bbox 1821 1452 1968 1523; x_wconf 79' lang='lat' dir='ltr'><strong>Benignius</strong></span> <span class='ocrx_word' id='word_1_522' title='bbox 1983 1469 2045 1510; x_wconf 92' lang='lat' dir='ltr'><strong>cum</strong></span> 
     </span>
     <span class='ocr_line' id='line_1_71' title="bbox 1248 1538 2046 1615; baseline 0.013 -24"><span class='ocrx_word' id='word_1_523' title='bbox 1248 1550 1282 1591; x_wconf 90' lang='lat' dir='ltr'><strong>eo</strong></span> <span class='ocrx_word' id='word_1_524' title='bbox 1294 1538 1348 1607; x_wconf 76' lang='lat' dir='ltr'><strong>agit</strong></span> <span class='ocrx_word' id='word_1_525' title='bbox 1361 1553 1441 1594; x_wconf 84' lang='lat' dir='ltr'><strong>senes</strong></span> <span class='ocrx_word' id='word_1_526' title='bbox 1453 1538 1559 1608; x_wconf 85' lang='lat' dir='ltr'><strong>blanes,</strong></span> <span class='ocrx_word' id='word_1_527' title='bbox 1574 1549 1603 1596; x_wconf 91' lang='lat' dir='ltr'><strong>ut</strong></span> <span class='ocrx_word' id='word_1_528' title='bbox 1614 1541 1686 1597; x_wconf 88' lang='lat' dir='ltr'><strong>dicat</strong></span> <span class='ocrx_word' id='word_1_529' title='bbox 1696 1542 1770 1596; x_wconf 91' lang='lat' dir='ltr'><strong>illum</strong></span> <span class='ocrx_word' id='word_1_530' title='bbox 1785 1558 1837 1598; x_wconf 94' lang='lat' dir='ltr'><strong>uou</strong></span> <span class='ocrx_word' id='word_1_531' title='bbox 1852 1559 2046 1615; x_wconf 82' lang='lat' dir='ltr'><strong>usquequaque</strong></span> 
     </span>
     <span class='ocr_line' id='line_1_72' title="bbox 1249 1627 2046 1702; baseline 0.01 -20"><span class='ocrx_word' id='word_1_532' title='bbox 1249 1627 1419 1684; x_wconf 89' lang='lat' dir='ltr'><strong>tenebrarum</strong></span> <span class='ocrx_word' id='word_1_533' title='bbox 1438 1638 1519 1700; x_wconf 74' lang='lat' dir='ltr'><strong>geute</strong></span> <span class='ocrx_word' id='word_1_534' title='bbox 1535 1640 1682 1698; x_wconf 79' lang='lat' dir='ltr'><strong>uastatum;</strong></span> <span class='ocrx_word' id='word_1_535' title='bbox 1705 1632 1782 1702; x_wconf 79' lang='lat' dir='ltr'><strong>cuijus</strong></span> <span class='ocrx_word' id='word_1_536' title='bbox 1799 1633 1965 1690; x_wconf 88' lang='lat' dir='ltr'><strong>debilitatem</strong></span> <span class='ocrx_word' id='word_1_537' title='bbox 1987 1644 2046 1690; x_wconf 89' lang='lat' dir='ltr'><strong>tau·</strong></span> 
     </span>
     <span class='ocr_line' id='line_1_73' title="bbox 1249 1718 2045 1791; baseline 0.015 -20"><span class='ocrx_word' id='word_1_538' title='bbox 1249 1724 1302 1773; x_wconf 87' lang='lat' dir='ltr'><strong>tam</strong></span> <span class='ocrx_word' id='word_1_539' title='bbox 1317 1718 1417 1775; x_wconf 86' lang='lat' dir='ltr'><strong>inducit</strong></span> <span class='ocrx_word' id='word_1_540' title='bbox 1428 1721 1627 1791; x_wconf 71' lang='lat' dir='ltr'><strong>traducianus,</strong></span> <span class='ocrx_word' id='word_1_541' title='bbox 1643 1731 1673 1779; x_wconf 93' lang='lat' dir='ltr'><strong>ut</strong></span> <span class='ocrx_word' id='word_1_542' title='bbox 1685 1734 1882 1781; x_wconf 88' lang='lat' dir='ltr'><strong>commentetur</strong></span> <span class='ocrx_word' id='word_1_543' title='bbox 1896 1742 1959 1782; x_wconf 89' lang='lat' dir='ltr'><strong>cum</strong></span> <span class='ocrx_word' id='word_1_544' title='bbox 1974 1743 1989 1781; x_wconf 91' lang='lat' dir='ltr'><strong>a</strong></span> <span class='ocrx_word' id='word_1_545' title='bbox 2003 1730 2045 1783; x_wconf 91' lang='lat' dir='ltr'><strong>ui·</strong></span> 
     </span>
     <span class='ocr_line' id='line_1_74' title="bbox 1249 1808 1581 1884; baseline 0.015 -20"><span class='ocrx_word' id='word_1_546' title='bbox 1249 1808 1306 1865; x_wconf 85' lang='lat' dir='ltr'><strong>bilo</strong></span> <span class='ocrx_word' id='word_1_547' title='bbox 1319 1809 1401 1867; x_wconf 83' lang='lat' dir='ltr'><strong>luisse</strong></span> <span class='ocrx_word' id='word_1_548' title='bbox 1416 1824 1581 1884; x_wconf 87' lang='lat' dir='ltr'><strong>superatum.</strong></span> 
     </span>
     <span class='ocr_line' id='line_1_75' title="bbox 1285 1901 2047 1980; baseline 0.014 -24"><span class='ocrx_word' id='word_1_549' title='bbox 1285 1901 1352 1957; x_wconf 75' lang='lat' dir='ltr'><strong>bun.</strong></span> <span class='ocrx_word' id='word_1_550' title='bbox 1364 1902 1617 1975; x_wconf 89' lang='lat' dir='ltr'><strong>Ncmosuperatura</strong></span> <span class='ocrx_word' id='word_1_551' title='bbox 1631 1905 1715 1962; x_wconf 87' lang='lat' dir='ltr'><strong>nihilo</strong></span> <span class='ocrx_word' id='word_1_552' title='bbox 1723 1924 1730 1974; x_wconf 89' lang='grc'><strong>;</strong></span> <span class='ocrx_word' id='word_1_553' title='bbox 1738 1908 1786 1963; x_wconf 90' lang='lat' dir='ltr'><strong>sed</strong></span> <span class='ocrx_word' id='word_1_554' title='bbox 1798 1917 1826 1965; x_wconf 94' lang='lat' dir='ltr'><strong>tu</strong></span> <span class='ocrx_word' id='word_1_555' title='bbox 1836 1910 1973 1980; x_wconf 82' lang='lat' dir='ltr'><strong>superaris</strong></span> <span class='ocrx_word' id='word_1_556' title='bbox 1981 1911 2047 1967; x_wconf 89' lang='lat' dir='ltr'><strong>nibil</strong></span> 
     </span>
     <span class='ocr_line' id='line_1_76' title="bbox 1249 1988 2047 2070; baseline 0.016 -26"><span class='ocrx_word' id='word_1_557' title='bbox 1249 1988 1381 2046; x_wconf 90' lang='lat' dir='ltr'><strong>diceudo:</strong></span> <span class='ocrx_word' id='word_1_558' title='bbox 1396 2009 1446 2048; x_wconf 88' lang='lat' dir='ltr'><strong>nec</strong></span> <span class='ocrx_word' id='word_1_559' title='bbox 1455 2009 1505 2065; x_wconf 76' lang='lat' dir='ltr'><strong>ego</strong></span> <span class='ocrx_word' id='word_1_560' title='bbox 1518 1996 1543 2049; x_wconf 92' lang='lat' dir='ltr'><strong>iu</strong></span> <span class='ocrx_word' id='word_1_561' title='bbox 1555 1996 1639 2051; x_wconf 88' lang='lat' dir='ltr'><strong>nihilo</strong></span> <span class='ocrx_word' id='word_1_562' title='bbox 1648 1998 1778 2054; x_wconf 81' lang='lat' dir='ltr'><strong>collocari</strong></span> <span class='ocrx_word' id='word_1_563' title='bbox 1792 2015 1867 2070; x_wconf 89' lang='lat' dir='ltr'><strong>spem</strong></span> <span class='ocrx_word' id='word_1_564' title='bbox 1880 2016 1969 2058; x_wconf 88' lang='lat' dir='ltr'><strong>meam</strong></span> <span class='ocrx_word' id='word_1_565' title='bbox 1979 2018 1988 2068; x_wconf 86' lang='lat'>;</span> <span class='ocrx_word' id='word_1_566' title='bbox 1999 2004 2047 2059; x_wconf 87' lang='lat' dir='ltr'><strong>sed</strong></span> 
     </span>
     <span class='ocr_line' id='line_1_77' title="bbox 1250 2083 2047 2160; baseline 0.019 -24"><span class='ocrx_word' id='word_1_567' title='bbox 1250 2090 1277 2137; x_wconf 94' lang='lat' dir='ltr'><strong>tu</strong></span> <span class='ocrx_word' id='word_1_568' title='bbox 1290 2083 1323 2138; x_wconf 90' lang='lat' dir='ltr'><strong>ad</strong></span> <span class='ocrx_word' id='word_1_569' title='bbox 1338 2084 1450 2141; x_wconf 90' lang='lat' dir='ltr'><strong>nihilum</strong></span> <span class='ocrx_word' id='word_1_570' title='bbox 1465 2087 1611 2157; x_wconf 82' lang='lat' dir='ltr'><strong>perduxisti</strong></span> <span class='ocrx_word' id='word_1_571' title='bbox 1625 2089 1813 2160; x_wconf 87' lang='lat' dir='ltr'><strong>loquacitatem</strong></span> <span class='ocrx_word' id='word_1_572' title='bbox 1828 2102 1909 2148; x_wconf 83' lang='lat' dir='ltr'><strong>tuam.</strong></span> <span class='ocrx_word' id='word_1_573' title='bbox 1926 2094 2012 2160; x_wconf 83' lang='lat' dir='ltr'><strong>Sanc,</strong></span> <span class='ocrx_word' id='word_1_574' title='bbox 2024 2097 2047 2150; x_wconf 90' lang='lat' dir='ltr'><strong>si</strong></span> 
     </span>
     <span class='ocr_line' id='line_1_78' title="bbox 1250 2176 2049 2256; baseline 0.016 -26"><span class='ocrx_word' id='word_1_575' title='bbox 1250 2186 1324 2232; x_wconf 90' lang='lat' dir='ltr'><strong>recte</strong></span> <span class='ocrx_word' id='word_1_576' title='bbox 1345 2176 1479 2250; x_wconf 77' lang='lat' dir='ltr'><strong>intelligas</strong></span> <span class='ocrx_word' id='word_1_577' title='bbox 1497 2180 1568 2251; x_wconf 91' lang='lat' dir='ltr'><strong>quud</strong></span> <span class='ocrx_word' id='word_1_578' title='bbox 1590 2197 1716 2252; x_wconf 80' lang='lat' dir='ltr'><strong>perverse</strong></span> <span class='ocrx_word' id='word_1_579' title='bbox 1739 2185 1868 2256; x_wconf 91' lang='lat' dir='ltr'><strong>loqueris,</strong></span> <span class='ocrx_word' id='word_1_580' title='bbox 1893 2187 1946 2242; x_wconf 91' lang='lat' dir='ltr'><strong>isto</strong></span> <span class='ocrx_word' id='word_1_581' title='bbox 1966 2188 2049 2243; x_wconf 90' lang='lat' dir='ltr'><strong>modo</strong></span> 
     </span>
     <span class='ocr_line' id='line_1_79' title="bbox 1251 2264 2049 2344; baseline 0.015 -24"><span class='ocrx_word' id='word_1_582' title='bbox 1251 2264 1351 2321; x_wconf 89' lang='lat' dir='ltr'><strong>Ueusu</strong></span> <span class='ocrx_word' id='word_1_583' title='bbox 1370 2267 1455 2323; x_wconf 86' lang='lat' dir='ltr'><strong>niltito</strong></span> <span class='ocrx_word' id='word_1_584' title='bbox 1477 2278 1636 2340; x_wconf 89' lang='lat' dir='ltr'><strong>superatur,</strong></span> <span class='ocrx_word' id='word_1_585' title='bbox 1656 2274 1781 2344; x_wconf 91' lang='lat' dir='ltr'><strong>quoniam</strong></span> <span class='ocrx_word' id='word_1_586' title='bbox 1803 2275 1886 2331; x_wconf 90' lang='lat' dir='ltr'><strong>Ueutu</strong></span> <span class='ocrx_word' id='word_1_587' title='bbox 1909 2277 1982 2331; x_wconf 87' lang='lat' dir='ltr'><strong>nulla</strong></span> <span class='ocrx_word' id='word_1_588' title='bbox 2003 2292 2049 2333; x_wconf 85' lang='lat' dir='ltr'><strong>res</strong></span> 
     </span>
     <span class='ocr_line' id='line_1_80' title="bbox 1250 2359 2049 2433; baseline 0.018 -23"><span class='ocrx_word' id='word_1_589' title='bbox 1250 2365 1361 2427; x_wconf 90' lang='lat' dir='ltr'><strong>superat</strong></span> <span class='ocrx_word' id='word_1_590' title='bbox 1382 2375 1389 2411; x_wconf 90' lang='lat'>:</span> <span class='ocrx_word' id='word_1_591' title='bbox 1409 2359 1475 2414; x_wconf 85' lang='lat' dir='ltr'><strong>nibil</strong></span> <span class='ocrx_word' id='word_1_592' title='bbox 1497 2360 1569 2415; x_wconf 89' lang='lat' dir='ltr'><strong>euim</strong></span> <span class='ocrx_word' id='word_1_593' title='bbox 1589 2363 1653 2433; x_wconf 90' lang='lat' dir='ltr'><strong>quid</strong></span> <span class='ocrx_word' id='word_1_594' title='bbox 1672 2375 1732 2432; x_wconf 91' lang='lat' dir='ltr'><strong>est,</strong></span> <span class='ocrx_word' id='word_1_595' title='bbox 1749 2365 1800 2421; x_wconf 83' lang='lat' dir='ltr'><strong>uisi</strong></span> <span class='ocrx_word' id='word_1_596' title='bbox 1820 2380 1865 2423; x_wconf 87' lang='lat' dir='ltr'><strong>res</strong></span> <span class='ocrx_word' id='word_1_597' title='bbox 1883 2368 1980 2423; x_wconf 74' lang='lat' dir='ltr'><strong>nulla?</strong></span> <span class='ocrx_word' id='word_1_598' title='bbox 1994 2368 2049 2424; x_wconf 89' lang='lat' dir='ltr'><strong>isto</strong></span> 
     </span>
     <span class='ocr_line' id='line_1_81' title="bbox 1251 2445 2048 2529; baseline 0.015 -29"><span class='ocrx_word' id='word_1_599' title='bbox 1251 2445 1331 2502; x_wconf 91' lang='lat' dir='ltr'><strong>modo</strong></span> <span class='ocrx_word' id='word_1_600' title='bbox 1352 2448 1432 2503; x_wconf 90' lang='lat' dir='ltr'><strong>etiam</strong></span> <span class='ocrx_word' id='word_1_601' title='bbox 1452 2449 1522 2506; x_wconf 86' lang='lat' dir='ltr'><strong>Deus</strong></span> <span class='ocrx_word' id='word_1_602' title='bbox 1542 2466 1595 2506; x_wconf 91' lang='lat' dir='ltr'><strong>uon</strong></span> <span class='ocrx_word' id='word_1_603' title='bbox 1618 2462 1706 2523; x_wconf 88' lang='lat' dir='ltr'><strong>potest</strong></span> <span class='ocrx_word' id='word_1_604' title='bbox 1724 2469 1852 2525; x_wconf 87' lang='lat' dir='ltr'><strong>superare</strong></span> <span class='ocrx_word' id='word_1_605' title='bbox 1873 2457 1960 2522; x_wconf 71' lang='lat' dir='ltr'><strong>nibil,</strong></span> <span class='ocrx_word' id='word_1_606' title='bbox 1985 2459 2048 2529; x_wconf 82' lang='lat' dir='ltr'><strong>quia</strong></span> 
     </span>
     <span class='ocr_line' id='line_1_82' title="bbox 1251 2537 2051 2616; baseline 0.013 -24"><span class='ocrx_word' id='word_1_607' title='bbox 1251 2537 1352 2595; x_wconf 89' lang='lat' dir='ltr'><strong>nullum</strong></span> <span class='ocrx_word' id='word_1_608' title='bbox 1373 2554 1430 2595; x_wconf 91' lang='lat' dir='ltr'><strong>rem</strong></span> <span class='ocrx_word' id='word_1_609' title='bbox 1452 2557 1505 2595; x_wconf 93' lang='lat' dir='ltr'><strong>non</strong></span> <span class='ocrx_word' id='word_1_610' title='bbox 1527 2553 1656 2611; x_wconf 80' lang='lat' dir='ltr'><strong>stuperet,</strong></span> <span class='ocrx_word' id='word_1_611' title='bbox 1679 2545 1724 2615; x_wconf 92' lang='lat' dir='ltr'><strong>qui</strong></span> <span class='ocrx_word' id='word_1_612' title='bbox 1748 2555 1857 2616; x_wconf 85' lang='lat' dir='ltr'><strong>superat</strong></span> <span class='ocrx_word' id='word_1_613' title='bbox 1877 2548 1988 2614; x_wconf 86' lang='lat' dir='ltr'><strong>omnia;</strong></span> <span class='ocrx_word' id='word_1_614' title='bbox 2007 2556 2051 2604; x_wconf 88' lang='lat' dir='ltr'><strong>cst</strong></span> 
     </span>
     <span class='ocr_line' id='line_1_83' title="bbox 1251 2629 2048 2707; baseline 0.013 -24"><span class='ocrx_word' id='word_1_615' title='bbox 1251 2629 1323 2684; x_wconf 90' lang='lat' dir='ltr'><strong>cuim</strong></span> <span class='ocrx_word' id='word_1_616' title='bbox 1337 2645 1418 2700; x_wconf 90' lang='lat' dir='ltr'><strong>super</strong></span> <span class='ocrx_word' id='word_1_617' title='bbox 1428 2633 1527 2688; x_wconf 83' lang='lat' dir='ltr'><strong>ontuiu.</strong></span> <span class='ocrx_word' id='word_1_618' title='bbox 1545 2631 1598 2688; x_wconf 88' lang='lat' dir='ltr'><strong>Sed</strong></span> <span class='ocrx_word' id='word_1_619' title='bbox 1616 2652 1626 2686; x_wconf 89' lang='lat' dir='ltr'><strong>t</strong></span> <span class='ocrx_word' id='word_1_620' title='bbox 1645 2649 1697 2689; x_wconf 91' lang='lat' dir='ltr'><strong>nou</strong></span> <span class='ocrx_word' id='word_1_621' title='bbox 1711 2637 1878 2707; x_wconf 78' lang='lat' dir='ltr'><strong>introspexit,</strong></span> <span class='ocrx_word' id='word_1_622' title='bbox 1899 2656 1909 2689; x_wconf 79' lang='lat' dir='ltr'><strong>s</strong></span> <span class='ocrx_word' id='word_1_623' title='bbox 1927 2648 1957 2692; x_wconf 92' lang='lat' dir='ltr'><strong>ut</strong></span> <span class='ocrx_word' id='word_1_624' title='bbox 1968 2638 2048 2704; x_wconf 87' lang='lat' dir='ltr'><strong>dicis,</strong></span> 
     </span>
     <span class='ocr_line' id='line_1_84' title="bbox 1255 2721 2050 2796; baseline 0.018 -24"><span class='ocrx_word' id='word_1_625' title='bbox 1255 2738 1264 2772; x_wconf 92' lang='lat' dir='ltr'><strong>t</strong></span> <span class='ocrx_word' id='word_1_626' title='bbox 1283 2721 1444 2778; x_wconf 86' lang='lat' dir='ltr'><strong>llaniclneus</strong></span> <span class='ocrx_word' id='word_1_627' title='bbox 1457 2725 1618 2780; x_wconf 90' lang='lat' dir='ltr'><strong>subtilitates</strong></span> <span class='ocrx_word' id='word_1_628' title='bbox 1630 2725 1791 2782; x_wconf 84' lang='lat' dir='ltr'><strong>divisionum</strong></span> <span class='ocrx_word' id='word_1_629' title='bbox 1815 2736 1931 2796; x_wconf 87' lang='lat' dir='ltr'><strong>tuarum,</strong></span> <span class='ocrx_word' id='word_1_630' title='bbox 1944 2739 1973 2786; x_wconf 90' lang='lat' dir='ltr'><strong>et</strong></span> <span class='ocrx_word' id='word_1_631' title='bbox 1986 2728 2050 2786; x_wconf 74' lang='lat' dir='ltr'><strong>ideo</strong></span> 
     </span>
     <span class='ocr_line' id='line_1_85' title="bbox 1251 2810 2047 2890; baseline 0.008 -22"><span class='ocrx_word' id='word_1_632' title='bbox 1251 2810 1333 2879; x_wconf 84' lang='lat' dir='ltr'><strong>dicit,</strong></span> <span class='ocrx_word' id='word_1_633' title='bbox 1347 2812 1375 2870; x_wconf 91' lang='lat' dir='ltr'><strong>Si</strong></span> <span class='ocrx_word' id='word_1_634' title='bbox 1389 2814 1488 2870; x_wconf 89' lang='lat' dir='ltr'><strong>malurn</strong></span> <span class='ocrx_word' id='word_1_635' title='bbox 1502 2830 1537 2871; x_wconf 85' lang='lat' dir='ltr'><strong>cx</strong></span> <span class='ocrx_word' id='word_1_636' title='bbox 1550 2815 1674 2883; x_wconf 86' lang='lat' dir='ltr'><strong>bomine,</strong></span> <span class='ocrx_word' id='word_1_637' title='bbox 1688 2818 1769 2873; x_wconf 89' lang='lat' dir='ltr'><strong>bomo</strong></span> <span class='ocrx_word' id='word_1_638' title='bbox 1779 2828 1869 2874; x_wconf 81' lang='lat' dir='ltr'><strong>autem</strong></span> <span class='ocrx_word' id='word_1_639' title='bbox 1884 2835 1932 2890; x_wconf 89' lang='lat' dir='ltr'><strong>per</strong></span> <span class='ocrx_word' id='word_1_640' title='bbox 1944 2821 2047 2885; x_wconf 90' lang='lat' dir='ltr'><strong>Ueum,</strong></span> 
     </span>
     <span class='ocr_line' id='line_1_86' title="bbox 1252 2904 2049 2977; baseline 0.01 -20"><span class='ocrx_word' id='word_1_641' title='bbox 1252 2904 1352 2959; x_wconf 91' lang='lat' dir='ltr'><strong>malum</strong></span> <span class='ocrx_word' id='word_1_642' title='bbox 1364 2905 1444 2975; x_wconf 80' lang='lat' dir='ltr'><strong>igitur</strong></span> <span class='ocrx_word' id='word_1_643' title='bbox 1455 2920 1502 2975; x_wconf 92' lang='lat' dir='ltr'><strong>per</strong></span> <span class='ocrx_word' id='word_1_644' title='bbox 1515 2907 1599 2961; x_wconf 85' lang='lat' dir='ltr'><strong>Deum</strong></span> <span class='ocrx_word' id='word_1_645' title='bbox 1614 2925 1622 2962; x_wconf 86' lang='lat'>:</span> <span class='ocrx_word' id='word_1_646' title='bbox 1641 2927 1650 2959; x_wconf 81' lang='grc' dir='ltr'><strong>ι</strong></span> <span class='ocrx_word' id='word_1_647' title='bbox 1665 2918 1694 2963; x_wconf 94' lang='lat' dir='ltr'><strong>ut</strong></span> <span class='ocrx_word' id='word_1_648' title='bbox 1704 2909 1935 2965; x_wconf 84' lang='lat' dir='ltr'><strong>ltacconclusloue</strong></span> <span class='ocrx_word' id='word_1_649' title='bbox 1950 2911 2049 2977; x_wconf 90' lang='lat' dir='ltr'><strong>territi,</strong></span> 
     </span>
     <span class='ocr_line' id='line_1_87' title="bbox 1252 2995 2050 3070; baseline 0.01 -22"><span class='ocrx_word' id='word_1_650' title='bbox 1252 3003 1299 3050; x_wconf 91' lang='lat' dir='ltr'><strong>aut</strong></span> <span class='ocrx_word' id='word_1_651' title='bbox 1309 2995 1443 3050; x_wconf 85' lang='lat' dir='ltr'><strong>bominem</strong></span> <span class='ocrx_word' id='word_1_652' title='bbox 1461 3011 1508 3066; x_wconf 90' lang='lat' dir='ltr'><strong>per</strong></span> <span class='ocrx_word' id='word_1_653' title='bbox 1522 2997 1617 3064; x_wconf 87' lang='lat' dir='ltr'><strong>Ueurn,</strong></span> <span class='ocrx_word' id='word_1_654' title='bbox 1631 3006 1677 3053; x_wconf 92' lang='lat' dir='ltr'><strong>aut</strong></span> <span class='ocrx_word' id='word_1_655' title='bbox 1691 2999 1790 3055; x_wconf 85' lang='lat' dir='ltr'><strong>mulum</strong></span> <span class='ocrx_word' id='word_1_656' title='bbox 1806 3012 1934 3070; x_wconf 75' lang='lat' dir='ltr'><strong>negemus</strong></span> <span class='ocrx_word' id='word_1_657' title='bbox 1946 3016 1980 3056; x_wconf 83' lang='lat' dir='ltr'><strong>ex</strong></span> <span class='ocrx_word' id='word_1_658' title='bbox 1996 3001 2050 3056; x_wconf 83' lang='lat' dir='ltr'><strong>iro·</strong></span> 
     </span>
     <span class='ocr_line' id='line_1_88' title="bbox 1253 3085 2050 3159; baseline 0.013 -20"><span class='ocrx_word' id='word_1_659' title='bbox 1253 3085 1335 3151; x_wconf 89' lang='lat' dir='ltr'><strong>ruine,</strong></span> <span class='ocrx_word' id='word_1_660' title='bbox 1348 3095 1395 3141; x_wconf 90' lang='lat' dir='ltr'><strong>aut</strong></span> <span class='ocrx_word' id='word_1_661' title='bbox 1407 3097 1561 3158; x_wconf 87' lang='lat' dir='ltr'><strong>utrumque,</strong></span> <span class='ocrx_word' id='word_1_662' title='bbox 1576 3099 1605 3144; x_wconf 91' lang='lat' dir='ltr'><strong>ut</strong></span> <span class='ocrx_word' id='word_1_663' title='bbox 1615 3089 1670 3155; x_wconf 90' lang='lat' dir='ltr'><strong>ille,</strong></span> <span class='ocrx_word' id='word_1_664' title='bbox 1682 3090 1777 3146; x_wconf 83' lang='lat' dir='ltr'><strong>salsum</strong></span> <span class='ocrx_word' id='word_1_665' title='bbox 1791 3107 1851 3148; x_wconf 90' lang='lat' dir='ltr'><strong>esse</strong></span> <span class='ocrx_word' id='word_1_666' title='bbox 1860 3092 2001 3159; x_wconf 90' lang='lat' dir='ltr'><strong>dicamus;</strong></span> <span class='ocrx_word' id='word_1_667' title='bbox 2018 3108 2050 3149; x_wconf 85' lang='lat' dir='ltr'><strong>ac</strong></span> 
     </span>
     <span class='ocr_line' id='line_1_89' title="bbox 1252 3174 2050 3252; baseline 0.013 -23"><span class='ocrx_word' id='word_1_668' title='bbox 1252 3174 1292 3230; x_wconf 92' lang='lat' dir='ltr'><strong>sic</strong></span> <span class='ocrx_word' id='word_1_669' title='bbox 1309 3175 1386 3232; x_wconf 89' lang='lat' dir='ltr'><strong>uobis</strong></span> <span class='ocrx_word' id='word_1_670' title='bbox 1399 3176 1550 3233; x_wconf 91' lang='lat' dir='ltr'><strong>introducat</strong></span> <span class='ocrx_word' id='word_1_671' title='bbox 1568 3180 1659 3235; x_wconf 86' lang='lat' dir='ltr'><strong>nescio</strong></span> <span class='ocrx_word' id='word_1_672' title='bbox 1679 3196 1759 3252; x_wconf 91' lang='lat' dir='ltr'><strong>quarn</strong></span> <span class='ocrx_word' id='word_1_673' title='bbox 1780 3182 1957 3237; x_wconf 86' lang='lat' dir='ltr'><strong>substantiam</strong></span> <span class='ocrx_word' id='word_1_674' title='bbox 1975 3191 2050 3239; x_wconf 88' lang='lat' dir='ltr'><strong>teue-</strong></span> 
     </span>
     <span class='ocr_line' id='line_1_90' title="bbox 1252 3264 2049 3346; baseline 0.013 -25"><span class='ocrx_word' id='word_1_675' title='bbox 1252 3264 1360 3322; x_wconf 90' lang='lat' dir='ltr'><strong>brarum</strong></span> <span class='ocrx_word' id='word_1_676' title='bbox 1370 3307 1378 3335; x_wconf 92' lang='lat'><strong>,</strong></span> <span class='ocrx_word' id='word_1_677' title='bbox 1390 3284 1450 3340; x_wconf 81' lang='lat' dir='ltr'><strong>quac</strong></span> <span class='ocrx_word' id='word_1_678' title='bbox 1462 3269 1598 3325; x_wconf 87' lang='lat' dir='ltr'><strong>bominem</strong></span> <span class='ocrx_word' id='word_1_679' title='bbox 1613 3271 1724 3338; x_wconf 81' lang='lat' dir='ltr'><strong>iecerit,</strong></span> <span class='ocrx_word' id='word_1_680' title='bbox 1738 3281 1766 3329; x_wconf 89' lang='lat' dir='ltr'><strong>et</strong></span> <span class='ocrx_word' id='word_1_681' title='bbox 1785 3289 1845 3343; x_wconf 76' lang='lat' dir='ltr'><strong>qua</strong></span> <span class='ocrx_word' id='word_1_682' title='bbox 1862 3275 2049 3346; x_wconf 87' lang='lat' dir='ltr'><strong>principaliter</strong></span> 
     </span>
     <span class='ocr_line' id='line_1_91' title="bbox 1252 3360 2048 3437; baseline 0.006 -22"><span class='ocrx_word' id='word_1_683' title='bbox 1252 3360 1352 3415; x_wconf 84' lang='lat' dir='ltr'><strong>malum</strong></span> <span class='ocrx_word' id='word_1_684' title='bbox 1372 3361 1423 3428; x_wconf 92' lang='lat' dir='ltr'><strong>sit,</strong></span> <span class='ocrx_word' id='word_1_685' title='bbox 1438 3360 1508 3417; x_wconf 93' lang='lat' dir='ltr'><strong>unde</strong></span> <span class='ocrx_word' id='word_1_686' title='bbox 1520 3362 1618 3417; x_wconf 90' lang='lat' dir='ltr'><strong>malum</strong></span> <span class='ocrx_word' id='word_1_687' title='bbox 1632 3378 1712 3419; x_wconf 85' lang='lat' dir='ltr'><strong>otttne</strong></span> <span class='ocrx_word' id='word_1_688' title='bbox 1728 3364 1854 3419; x_wconf 87' lang='lat' dir='ltr'><strong>credatur</strong></span> <span class='ocrx_word' id='word_1_689' title='bbox 1870 3367 1889 3418; x_wconf 87' lang='lat'><strong>¹.</strong></span> <span class='ocrx_word' id='word_1_690' title='bbox 1905 3365 1946 3420; x_wconf 84' lang='lat' dir='ltr'><strong>Tu</strong></span> <span class='ocrx_word' id='word_1_691' title='bbox 1965 3381 2048 3437; x_wconf 74' lang='lat' dir='ltr'><strong>ergo,</strong></span> 
     </span>
     <span class='ocr_line' id='line_1_92' title="bbox 1252 3451 2048 3529; baseline 0.013 -24"><span class='ocrx_word' id='word_1_692' title='bbox 1252 3451 1355 3507; x_wconf 70' lang='lat' dir='ltr'><strong>divisor</strong></span> <span class='ocrx_word' id='word_1_693' title='bbox 1365 3454 1549 3521; x_wconf 88' lang='lat' dir='ltr'><strong>subtilissime,</strong></span> <span class='ocrx_word' id='word_1_694' title='bbox 1565 3456 1625 3510; x_wconf 82' lang='lat' dir='ltr'><strong>iuic</strong></span> <span class='ocrx_word' id='word_1_695' title='bbox 1638 3458 1744 3512; x_wconf 76' lang='lat' dir='ltr'><strong>astutiae</strong></span> <span class='ocrx_word' id='word_1_696' title='bbox 1758 3472 1810 3526; x_wconf 91' lang='lat' dir='ltr'><strong>qua</strong></span> <span class='ocrx_word' id='word_1_697' title='bbox 1826 3467 1902 3528; x_wconf 87' lang='lat' dir='ltr'><strong>putas</strong></span> <span class='ocrx_word' id='word_1_698' title='bbox 1916 3459 2048 3529; x_wconf 79' lang='lat' dir='ltr'><strong>sapientia</strong></span> 
     </span>
     <span class='ocr_line' id='line_1_93' title="bbox 1252 3545 2050 3619; baseline 0.01 -20"><span class='ocrx_word' id='word_1_699' title='bbox 1252 3545 1452 3601; x_wconf 75' lang='lat' dir='ltr'><strong>resistendum?</strong></span> <span class='ocrx_word' id='word_1_700' title='bbox 1465 3564 1475 3599; x_wconf 85' lang='lat' dir='ltr'><strong>t</strong></span> <span class='ocrx_word' id='word_1_701' title='bbox 1496 3547 1597 3613; x_wconf 86' lang='lat' dir='ltr'><strong>Dicam,</strong></span> <span class='ocrx_word' id='word_1_702' title='bbox 1612 3566 1623 3600; x_wconf 80' lang='lat' dir='ltr'><strong>i</strong></span> <span class='ocrx_word' id='word_1_703' title='bbox 1637 3548 1733 3619; x_wconf 93' lang='lat' dir='ltr'><strong>inquis,</strong></span> <span class='ocrx_word' id='word_1_704' title='bbox 1748 3567 1758 3599; x_wconf 90' lang='lat' dir='ltr'><strong>t</strong></span> <span class='ocrx_word' id='word_1_705' title='bbox 1775 3550 1874 3604; x_wconf 89' lang='lat' dir='ltr'><strong>malum</strong></span> <span class='ocrx_word' id='word_1_706' title='bbox 1887 3551 1923 3606; x_wconf 90' lang='lat' dir='ltr'><strong>ab</strong></span> <span class='ocrx_word' id='word_1_707' title='bbox 1936 3549 2050 3607; x_wconf 81' lang='lat' dir='ltr'><strong>bontiuc</strong></span> 
     </span>
     <span class='ocr_line' id='line_1_94' title="bbox 1252 3636 2049 3710; baseline 0.01 -20"><span class='ocrx_word' id='word_1_708' title='bbox 1252 3649 1285 3690; x_wconf 86' lang='lat' dir='ltr'><strong>ex</strong></span> <span class='ocrx_word' id='word_1_709' title='bbox 1306 3636 1425 3705; x_wconf 91' lang='lat' dir='ltr'><strong>possibili</strong></span> <span class='ocrx_word' id='word_1_710' title='bbox 1448 3638 1603 3704; x_wconf 82' lang='lat' dir='ltr'><strong>exstitisse,</strong></span> <span class='ocrx_word' id='word_1_711' title='bbox 1627 3654 1679 3694; x_wconf 87' lang='lat' dir='ltr'><strong>ttou</strong></span> <span class='ocrx_word' id='word_1_712' title='bbox 1702 3656 1736 3696; x_wconf 82' lang='lat' dir='ltr'><strong>ex</strong></span> <span class='ocrx_word' id='word_1_713' title='bbox 1759 3643 1923 3697; x_wconf 90' lang='lat' dir='ltr'><strong>necessario.</strong></span> <span class='ocrx_word' id='word_1_714' title='bbox 1941 3642 2049 3710; x_wconf 73' lang='lat' dir='ltr'><strong>»Quasi</strong></span> 
     </span>
     <span class='ocr_line' id='line_1_95' title="bbox 1252 3726 2049 3805; baseline 0.015 -27"><span class='ocrx_word' id='word_1_715' title='bbox 1252 3740 1317 3780; x_wconf 82' lang='lat' dir='ltr'><strong>uero</strong></span> <span class='ocrx_word' id='word_1_716' title='bbox 1338 3726 1390 3805; x_wconf 89' lang='lat' dir='ltr'><strong>tibi</strong></span> <span class='ocrx_word' id='word_1_717' title='bbox 1406 3726 1449 3782; x_wconf 90' lang='lat' dir='ltr'><strong>iile</strong></span> <span class='ocrx_word' id='word_1_718' title='bbox 1470 3729 1634 3798; x_wconf 88' lang='lat' dir='ltr'><strong>respondere</strong></span> <span class='ocrx_word' id='word_1_719' title='bbox 1653 3745 1705 3785; x_wconf 93' lang='lat' dir='ltr'><strong>uon</strong></span> <span class='ocrx_word' id='word_1_720' title='bbox 1726 3731 1829 3801; x_wconf 90' lang='lat' dir='ltr'><strong>possit,</strong></span> <span class='ocrx_word' id='word_1_721' title='bbox 1852 3733 2003 3789; x_wconf 81' lang='lat' dir='ltr'><strong>Simulum</strong></span> <span class='ocrx_word' id='word_1_722' title='bbox 2016 3750 2049 3790; x_wconf 80' lang='lat' dir='ltr'><strong>ex</strong></span> 
     </span>
     <span class='ocr_line' id='line_1_96' title="bbox 1253 3815 2048 3891; baseline 0.014 -22"><span class='ocrx_word' id='word_1_723' title='bbox 1253 3815 1390 3885; x_wconf 89' lang='lat' dir='ltr'><strong>possibili,</strong></span> <span class='ocrx_word' id='word_1_724' title='bbox 1405 3817 1567 3885; x_wconf 89' lang='lat' dir='ltr'><strong>possibilitas</strong></span> <span class='ocrx_word' id='word_1_725' title='bbox 1587 3835 1620 3874; x_wconf 85' lang='lat' dir='ltr'><strong>cx</strong></span> <span class='ocrx_word' id='word_1_726' title='bbox 1638 3829 1753 3886; x_wconf 88' lang='lat' dir='ltr'><strong>natura,</strong></span> <span class='ocrx_word' id='word_1_727' title='bbox 1773 3830 1867 3876; x_wconf 90' lang='lat' dir='ltr'><strong>uatura</strong></span> <span class='ocrx_word' id='word_1_728' title='bbox 1881 3837 1930 3891; x_wconf 88' lang='lat' dir='ltr'><strong>per</strong></span> <span class='ocrx_word' id='word_1_729' title='bbox 1945 3823 2048 3891; x_wconf 83' lang='lat' dir='ltr'><strong>Deum,</strong></span> 
     </span>
     <span class='ocr_line' id='line_1_97' title="bbox 1253 3906 2050 3980; baseline 0.013 -20"><span class='ocrx_word' id='word_1_730' title='bbox 1253 3906 1353 3961; x_wconf 92' lang='lat' dir='ltr'><strong>maium</strong></span> <span class='ocrx_word' id='word_1_731' title='bbox 1367 3907 1447 3977; x_wconf 79' lang='lat' dir='ltr'><strong>igitur</strong></span> <span class='ocrx_word' id='word_1_732' title='bbox 1456 3923 1505 3980; x_wconf 91' lang='lat' dir='ltr'><strong>per</strong></span> <span class='ocrx_word' id='word_1_733' title='bbox 1516 3909 1609 3965; x_wconf 90' lang='lat' dir='ltr'><strong>Ueum.</strong></span> <span class='ocrx_word' id='word_1_734' title='bbox 1621 3910 1696 3967; x_wconf 83' lang='lat' dir='ltr'><strong>Hauc</strong></span> <span class='ocrx_word' id='word_1_735' title='bbox 1706 3913 1904 3968; x_wconf 87' lang='lat' dir='ltr'><strong>conclusionem</strong></span> <span class='ocrx_word' id='word_1_736' title='bbox 1917 3915 1940 3970; x_wconf 93' lang='lat' dir='ltr'><strong>si</strong></span> <span class='ocrx_word' id='word_1_737' title='bbox 1954 3924 1984 3970; x_wconf 93' lang='lat' dir='ltr'><strong>tu</strong></span> <span class='ocrx_word' id='word_1_738' title='bbox 1996 3931 2050 3971; x_wconf 90' lang='lat' dir='ltr'><strong>nou</strong></span> 
     </span>
     <span class='ocr_line' id='line_1_98' title="bbox 1254 3998 2049 4073; baseline 0.018 -22"><span class='ocrx_word' id='word_1_739' title='bbox 1254 3998 1352 4066; x_wconf 92' lang='lat' dir='ltr'><strong>times,</strong></span> <span class='ocrx_word' id='word_1_740' title='bbox 1370 4014 1420 4054; x_wconf 91' lang='lat' dir='ltr'><strong>uec</strong></span> <span class='ocrx_word' id='word_1_741' title='bbox 1431 4015 1482 4070; x_wconf 82' lang='lat' dir='ltr'><strong>ego</strong></span> <span class='ocrx_word' id='word_1_742' title='bbox 1499 4001 1572 4056; x_wconf 89' lang='lat' dir='ltr'><strong>illam</strong></span> <span class='ocrx_word' id='word_1_743' title='bbox 1587 4004 1730 4073; x_wconf 88' lang='lat' dir='ltr'><strong>:quoniam</strong></span> <span class='ocrx_word' id='word_1_744' title='bbox 1744 4005 1822 4060; x_wconf 90' lang='lat' dir='ltr'><strong>ambo</strong></span> <span class='ocrx_word' id='word_1_745' title='bbox 1838 4021 1890 4061; x_wconf 93' lang='lat' dir='ltr'><strong>non</strong></span> <span class='ocrx_word' id='word_1_746' title='bbox 1905 4021 1940 4062; x_wconf 83' lang='lat' dir='ltr'><strong>ex</strong></span> <span class='ocrx_word' id='word_1_747' title='bbox 1952 4022 2049 4065; x_wconf 90' lang='lat' dir='ltr'><strong>neces·</strong></span> 
     </span>
     <span class='ocr_line' id='line_1_99' title="bbox 1253 4089 2049 4165; baseline 0.013 -22"><span class='ocrx_word' id='word_1_748' title='bbox 1253 4089 1344 4153; x_wconf 93' lang='lat' dir='ltr'><strong>sario,</strong></span> <span class='ocrx_word' id='word_1_749' title='bbox 1365 4089 1411 4144; x_wconf 88' lang='lat' dir='ltr'><strong>sed</strong></span> <span class='ocrx_word' id='word_1_750' title='bbox 1432 4105 1464 4145; x_wconf 81' lang='lat' dir='ltr'><strong>es</strong></span> <span class='ocrx_word' id='word_1_751' title='bbox 1486 4092 1608 4160; x_wconf 90' lang='lat' dir='ltr'><strong>possibili</strong></span> <span class='ocrx_word' id='word_1_752' title='bbox 1628 4107 1755 4163; x_wconf 89' lang='lat' dir='ltr'><strong>peccasse</strong></span> <span class='ocrx_word' id='word_1_753' title='bbox 1775 4095 1911 4151; x_wconf 88' lang='lat' dir='ltr'><strong>bominem</strong></span> <span class='ocrx_word' id='word_1_754' title='bbox 1933 4098 2049 4165; x_wconf 90' lang='lat' dir='ltr'><strong>primum</strong></span> 
     </span>
     <span class='ocr_line' id='line_1_100' title="bbox 1252 4178 2050 4257; baseline 0.015 -24"><span class='ocrx_word' id='word_1_755' title='bbox 1252 4178 1420 4236; x_wconf 76' lang='lat' dir='ltr'><strong>contuemur.</strong></span> <span class='ocrx_word' id='word_1_756' title='bbox 1433 4181 1540 4237; x_wconf 85' lang='lat' dir='ltr'><strong>Etenim</strong></span> <span class='ocrx_word' id='word_1_757' title='bbox 1555 4196 1605 4239; x_wconf 91' lang='lat' dir='ltr'><strong>uos</strong></span> <span class='ocrx_word' id='word_1_758' title='bbox 1617 4182 1737 4238; x_wconf 89' lang='lat' dir='ltr'><strong>diceutes</strong></span> <span class='ocrx_word' id='word_1_759' title='bbox 1752 4184 1888 4241; x_wconf 87' lang='lat' dir='ltr'><strong>bominem</strong></span> <span class='ocrx_word' id='word_1_760' title='bbox 1905 4198 2050 4257; x_wconf 83' lang='lat' dir='ltr'><strong>propterca</strong></span> 
     </span>
     <span class='ocr_line' id='line_1_101' title="bbox 1252 4269 2051 4351; baseline 0.014 -28"><span class='ocrx_word' id='word_1_761' title='bbox 1252 4269 1371 4339; x_wconf 90' lang='lat' dir='ltr'><strong>potuisse</strong></span> <span class='ocrx_word' id='word_1_762' title='bbox 1388 4285 1518 4340; x_wconf 89' lang='lat' dir='ltr'><strong>peccare,</strong></span> <span class='ocrx_word' id='word_1_763' title='bbox 1535 4273 1664 4343; x_wconf 91' lang='lat' dir='ltr'><strong>quianon</strong></span> <span class='ocrx_word' id='word_1_764' title='bbox 1683 4282 1725 4351; x_wconf 88' lang='lat' dir='ltr'><strong>est</strong></span> <span class='ocrx_word' id='word_1_765' title='bbox 1745 4275 1804 4345; x_wconf 83' lang='lat' dir='ltr'><strong>ejus</strong></span> <span class='ocrx_word' id='word_1_766' title='bbox 1823 4286 1917 4332; x_wconf 89' lang='lat' dir='ltr'><strong>natura</strong></span> <span class='ocrx_word' id='word_1_767' title='bbox 1932 4276 2003 4333; x_wconf 86' lang='lat' dir='ltr'><strong>laeta</strong></span> <span class='ocrx_word' id='word_1_768' title='bbox 2016 4279 2051 4335; x_wconf 85' lang='lat' dir='ltr'><strong>dc</strong></span> 
     </span>
     <span class='ocr_line' id='line_1_102' title="bbox 1253 4364 2050 4446; baseline 0.016 -27"><span class='ocrx_word' id='word_1_769' title='bbox 1253 4364 1318 4431; x_wconf 88' lang='lat' dir='ltr'><strong>Uen,</strong></span> <span class='ocrx_word' id='word_1_770' title='bbox 1332 4367 1453 4437; x_wconf 87' lang='lat' dir='ltr'><strong>quamtis</strong></span> <span class='ocrx_word' id='word_1_771' title='bbox 1465 4368 1576 4422; x_wconf 92' lang='lat' dir='ltr'><strong>omuino</strong></span> <span class='ocrx_word' id='word_1_772' title='bbox 1590 4383 1651 4425; x_wconf 86' lang='lat' dir='ltr'><strong>esse</strong></span> <span class='ocrx_word' id='word_1_773' title='bbox 1664 4371 1714 4426; x_wconf 92' lang='lat' dir='ltr'><strong>nisi</strong></span> <span class='ocrx_word' id='word_1_774' title='bbox 1730 4372 1776 4427; x_wconf 90' lang='lat' dir='ltr'><strong>iilo</strong></span> <span class='ocrx_word' id='word_1_775' title='bbox 1792 4383 1902 4429; x_wconf 87' lang='lat' dir='ltr'><strong>creante</strong></span> <span class='ocrx_word' id='word_1_776' title='bbox 1917 4391 1971 4430; x_wconf 92' lang='lat' dir='ltr'><strong>non</strong></span> <span class='ocrx_word' id='word_1_777' title='bbox 1985 4391 2050 4446; x_wconf 83' lang='lat' dir='ltr'><strong>pos·</strong></span> 
     </span>
     <span class='ocr_line' id='line_1_103' title="bbox 1252 4457 2050 4535; baseline 0.011 -22"><span class='ocrx_word' id='word_1_778' title='bbox 1252 4465 1309 4522; x_wconf 73' lang='lat' dir='ltr'><strong>set,</strong></span> <span class='ocrx_word' id='word_1_779' title='bbox 1323 4471 1376 4512; x_wconf 92' lang='lat' dir='ltr'><strong>uon</strong></span> <span class='ocrx_word' id='word_1_780' title='bbox 1394 4458 1431 4513; x_wconf 89' lang='lat' dir='ltr'><strong>ita</strong></span> <span class='ocrx_word' id='word_1_781' title='bbox 1449 4457 1501 4513; x_wconf 90' lang='lat' dir='ltr'><strong>boe</strong></span> <span class='ocrx_word' id='word_1_782' title='bbox 1514 4458 1647 4535; x_wconf 90' lang='lat' dir='ltr'><strong>dicimus,</strong></span> <span class='ocrx_word' id='word_1_783' title='bbox 1661 4468 1692 4517; x_wconf 95' lang='lat' dir='ltr'><strong>ut</strong></span> <span class='ocrx_word' id='word_1_784' title='bbox 1707 4476 1741 4517; x_wconf 85' lang='lat' dir='ltr'><strong>ex</strong></span> <span class='ocrx_word' id='word_1_785' title='bbox 1754 4463 1805 4518; x_wconf 87' lang='lat' dir='ltr'><strong>boc</strong></span> <span class='ocrx_word' id='word_1_786' title='bbox 1818 4463 1843 4518; x_wconf 91' lang='lat' dir='ltr'><strong>ei</strong></span> <span class='ocrx_word' id='word_1_787' title='bbox 1864 4464 1987 4520; x_wconf 87' lang='lat' dir='ltr'><strong>dicamus</strong></span> <span class='ocrx_word' id='word_1_788' title='bbox 2000 4467 2050 4522; x_wconf 91' lang='lat' dir='ltr'><strong>im·</strong></span> 
     </span>
     <span class='ocr_line' id='line_1_104' title="bbox 1252 4546 2048 4620; baseline 0.015 -20"><span class='ocrx_word' id='word_1_789' title='bbox 1252 4557 1376 4615; x_wconf 89' lang='lat' dir='ltr'><strong>pactam,</strong></span> <span class='ocrx_word' id='word_1_790' title='bbox 1399 4546 1469 4602; x_wconf 90' lang='lat' dir='ltr'><strong>sicut</strong></span> <span class='ocrx_word' id='word_1_791' title='bbox 1489 4548 1680 4615; x_wconf 86' lang='lat' dir='ltr'><strong>calumniaris,</strong></span> <span class='ocrx_word' id='word_1_792' title='bbox 1699 4551 1826 4620; x_wconf 87' lang='lat' dir='ltr'><strong>peccandi</strong></span> <span class='ocrx_word' id='word_1_793' title='bbox 1848 4554 2048 4612; x_wconf 87' lang='lat' dir='ltr'><strong>necessitatem.</strong></span> 
     </span>
     <span class='ocr_line' id='line_1_105' title="bbox 1253 4636 2060 4714; baseline 0.016 -22"><span class='ocrx_word' id='word_1_794' title='bbox 1253 4636 1366 4692; x_wconf 80' lang='lat' dir='ltr'><strong>Prorstrs</strong></span> <span class='ocrx_word' id='word_1_795' title='bbox 1377 4652 1489 4708; x_wconf 85' lang='lat' dir='ltr'><strong>peccare</strong></span> <span class='ocrx_word' id='word_1_796' title='bbox 1500 4647 1641 4709; x_wconf 89' lang='lat' dir='ltr'><strong>poteratet</strong></span> <span class='ocrx_word' id='word_1_797' title='bbox 1651 4656 1705 4696; x_wconf 94' lang='lat' dir='ltr'><strong>uou</strong></span> <span class='ocrx_word' id='word_1_798' title='bbox 1722 4647 1856 4714; x_wconf 83' lang='lat' dir='ltr'><strong>petraru¹</strong></span> <span class='ocrx_word' id='word_1_799' title='bbox 1872 4663 1878 4698; x_wconf 91' lang='lat'>:</span> <span class='ocrx_word' id='word_1_800' title='bbox 1895 4645 1944 4702; x_wconf 92' lang='lat' dir='ltr'><strong>sed</strong></span> <span class='ocrx_word' id='word_1_801' title='bbox 1958 4651 1980 4701; x_wconf 87' lang='lat' dir='ltr'><strong>si</strong></span> <span class='ocrx_word' id='word_1_802' title='bbox 1995 4663 2060 4704; x_wconf 92' lang='lat' dir='ltr'><strong>non·</strong></span> 
     </span>
     <span class='ocr_line' id='line_1_106' title="bbox 1252 4726 2050 4810; baseline 0.018 -29"><span class='ocrx_word' id='word_1_803' title='bbox 1252 4726 1286 4783; x_wconf 90' lang='lat' dir='ltr'><strong>de</strong></span> <span class='ocrx_word' id='word_1_804' title='bbox 1299 4728 1383 4782; x_wconf 84' lang='lat' dir='ltr'><strong>nihilo</strong></span> <span class='ocrx_word' id='word_1_805' title='bbox 1397 4729 1481 4784; x_wconf 88' lang='lat' dir='ltr'><strong>tactus</strong></span> <span class='ocrx_word' id='word_1_806' title='bbox 1494 4739 1581 4798; x_wconf 87' lang='lat' dir='ltr'><strong>esset,</strong></span> <span class='ocrx_word' id='word_1_807' title='bbox 1597 4731 1624 4785; x_wconf 90' lang='lat' dir='ltr'><strong>id</strong></span> <span class='ocrx_word' id='word_1_808' title='bbox 1642 4742 1699 4801; x_wconf 88' lang='lat' dir='ltr'><strong>cst,</strong></span> <span class='ocrx_word' id='word_1_809' title='bbox 1713 4734 1735 4788; x_wconf 91' lang='lat' dir='ltr'><strong>si</strong></span> <span class='ocrx_word' id='word_1_810' title='bbox 1750 4734 1784 4790; x_wconf 89' lang='lat' dir='ltr'><strong>dc</strong></span> <span class='ocrx_word' id='word_1_811' title='bbox 1806 4736 1860 4791; x_wconf 86' lang='lat' dir='ltr'><strong>Deo</strong></span> <span class='ocrx_word' id='word_1_812' title='bbox 1879 4745 1976 4793; x_wconf 90' lang='lat' dir='ltr'><strong>natura</strong></span> <span class='ocrx_word' id='word_1_813' title='bbox 1990 4740 2050 4810; x_wconf 76' lang='lat' dir='ltr'><strong>citus</strong></span> 
     </span>
     <span class='ocr_line' id='line_1_107' title="bbox 1252 4822 2049 4894; baseline 0.015 -19"><span class='ocrx_word' id='word_1_814' title='bbox 1252 4828 1334 4887; x_wconf 88' lang='lat' dir='ltr'><strong>essct,</strong></span> <span class='ocrx_word' id='word_1_815' title='bbox 1347 4834 1459 4888; x_wconf 85' lang='lat' dir='ltr'><strong>peceare</strong></span> <span class='ocrx_word' id='word_1_816' title='bbox 1468 4822 1580 4877; x_wconf 91' lang='lat' dir='ltr'><strong>omnino</strong></span> <span class='ocrx_word' id='word_1_817' title='bbox 1592 4837 1646 4878; x_wconf 92' lang='lat' dir='ltr'><strong>uon</strong></span> <span class='ocrx_word' id='word_1_818' title='bbox 1659 4833 1759 4894; x_wconf 90' lang='lat' dir='ltr'><strong>posset.</strong></span> <span class='ocrx_word' id='word_1_819' title='bbox 1775 4827 1839 4892; x_wconf 66' lang='grc' dir='ltr'><strong>θεῖε</strong></span> <span class='ocrx_word' id='word_1_820' title='bbox 1851 4828 1923 4883; x_wconf 90' lang='lat' dir='ltr'><strong>euim</strong></span> <span class='ocrx_word' id='word_1_821' title='bbox 1937 4839 1981 4885; x_wconf 87' lang='lat' dir='ltr'><strong>est</strong></span> <span class='ocrx_word' id='word_1_822' title='bbox 1994 4841 2049 4887; x_wconf 80' lang='lat' dir='ltr'><strong>tarn</strong></span> 
     </span>
     <span class='ocr_line' id='line_1_108' title="bbox 1252 4909 2050 4982; baseline 0.019 -18"><span class='ocrx_word' id='word_1_823' title='bbox 1252 4909 1374 4976; x_wconf 89' lang='lat' dir='ltr'><strong>demens,</strong></span> <span class='ocrx_word' id='word_1_824' title='bbox 1386 4913 1430 4982; x_wconf 94' lang='lat' dir='ltr'><strong>qui</strong></span> <span class='ocrx_word' id='word_1_825' title='bbox 1441 4912 1532 4968; x_wconf 86' lang='lat' dir='ltr'><strong>dicere</strong></span> <span class='ocrx_word' id='word_1_826' title='bbox 1543 4913 1649 4981; x_wconf 89' lang='lat' dir='ltr'><strong>audeat,</strong></span> <span class='ocrx_word' id='word_1_827' title='bbox 1661 4917 1854 4975; x_wconf 88' lang='lat' dir='ltr'><strong>immutabilem</strong></span> <span class='ocrx_word' id='word_1_828' title='bbox 1865 4929 1893 4975; x_wconf 91' lang='lat' dir='ltr'><strong>et</strong></span> <span class='ocrx_word' id='word_1_829' title='bbox 1904 4921 2050 4979; x_wconf 85' lang='lat' dir='ltr'><strong>incenter-</strong></span> 
     </span>
     <span class='ocr_line' id='line_1_109' title="bbox 1252 5001 2048 5084; baseline 0.019 -29"><span class='ocrx_word' id='word_1_830' title='bbox 1252 5001 1354 5057; x_wconf 91' lang='lat' dir='ltr'><strong>tibilem</strong></span> <span class='ocrx_word' id='word_1_831' title='bbox 1371 5013 1566 5074; x_wconf 75' lang='lat' dir='ltr'><strong>naturamque</strong></span> <span class='ocrx_word' id='word_1_832' title='bbox 1580 5005 1650 5061; x_wconf 83' lang='lat' dir='ltr'><strong>bens</strong></span> <span class='ocrx_word' id='word_1_833' title='bbox 1661 5016 1712 5073; x_wconf 93' lang='lat' dir='ltr'><strong>cst,</strong></span> <span class='ocrx_word' id='word_1_834' title='bbox 1727 5009 1876 5066; x_wconf 90' lang='lat' dir='ltr'><strong>ullomodo</strong></span> <span class='ocrx_word' id='word_1_835' title='bbox 1890 5027 1970 5082; x_wconf 89' lang='lat' dir='ltr'><strong>posse</strong></span> <span class='ocrx_word' id='word_1_836' title='bbox 1985 5030 2048 5084; x_wconf 88' lang='lat' dir='ltr'><strong>pec·</strong></span> 
     </span>
     <span class='ocr_line' id='line_1_110' title="bbox 1252 5091 2064 5173; baseline 0.021 -28"><span class='ocrx_word' id='word_1_837' title='bbox 1252 5105 1329 5157; x_wconf 86' lang='lat' dir='ltr'><strong>carc;</strong></span> <span class='ocrx_word' id='word_1_838' title='bbox 1348 5091 1382 5147; x_wconf 89' lang='lat' dir='ltr'><strong>de</strong></span> <span class='ocrx_word' id='word_1_839' title='bbox 1397 5107 1449 5162; x_wconf 91' lang='lat' dir='ltr'><strong>quo</strong></span> <span class='ocrx_word' id='word_1_840' title='bbox 1463 5093 1533 5150; x_wconf 85' lang='lat' dir='ltr'><strong>dicu</strong></span> <span class='ocrx_word' id='word_1_841' title='bbox 1548 5096 1709 5167; x_wconf 77' lang='lat' dir='ltr'><strong>Apostolus,</strong></span> <span class='ocrx_word' id='word_1_842' title='bbox 1724 5097 1828 5171; x_wconf 74' lang='lat' dir='ltr'><strong>Nepote</strong></span> <span class='ocrx_word' id='word_1_843' title='bbox 1847 5119 1875 5156; x_wconf 82' lang='lat' dir='ltr'><strong>se</strong></span> <span class='ocrx_word' id='word_1_844' title='bbox 1895 5104 1979 5173; x_wconf 82' lang='lat' dir='ltr'><strong>ipsunt</strong></span> <span class='ocrx_word' id='word_1_845' title='bbox 1999 5116 2064 5162; x_wconf 64' lang='lat' dir='ltr'><strong>nort*</strong></span> 
     </span>
     <span class='ocr_line' id='line_1_111' title="bbox 1252 5181 2050 5261; baseline 0.02 -24"><span class='ocrx_word' id='word_1_846' title='bbox 1252 5191 1333 5253; x_wconf 83' lang='lat' dir='ltr'><strong>potest</strong></span> <span class='ocrx_word' id='word_1_847' title='bbox 1347 5182 1384 5255; x_wconf 91' lang='lat' dir='ltr'><strong>(ll</strong></span> <span class='ocrx_word' id='word_1_848' title='bbox 1396 5181 1464 5238; x_wconf 78' lang='lat' dir='ltr'><strong>Tim.</strong></span> <span class='ocrx_word' id='word_1_849' title='bbox 1480 5201 1516 5253; x_wconf 89' lang='lat' dir='ltr'><strong>u,</strong></span> <span class='ocrx_word' id='word_1_850' title='bbox 1533 5186 1594 5252; x_wconf 71' lang='lat' dir='ltr'><strong>lili</strong></span> <span class='ocrx_word' id='word_1_851' title='bbox 1608 5186 1719 5259; x_wconf 89' lang='lat' dir='ltr'><strong>Utrique</strong></span> <span class='ocrx_word' id='word_1_852' title='bbox 1742 5191 1821 5261; x_wconf 81' lang='lat' dir='ltr'><strong>igitur</strong></span> <span class='ocrx_word' id='word_1_853' title='bbox 1840 5192 1991 5251; x_wconf 79' lang='lat' dir='ltr'><strong>Uatticltme</strong></span> <span class='ocrx_word' id='word_1_854' title='bbox 2006 5213 2050 5253; x_wconf 87' lang='lat' dir='ltr'><strong>re·</strong></span> 
     </span>
     <span class='ocr_line' id='line_1_112' title="bbox 1250 5274 2050 5349; baseline 0.019 -20"><span class='ocrx_word' id='word_1_855' title='bbox 1250 5274 1381 5340; x_wconf 85' lang='lat' dir='ltr'><strong>sistimus,</strong></span> <span class='ocrx_word' id='word_1_856' title='bbox 1389 5274 1530 5333; x_wconf 89' lang='lat' dir='ltr'><strong>dicentcsa</strong></span> <span class='ocrx_word' id='word_1_857' title='bbox 1540 5277 1611 5334; x_wconf 91' lang='lat' dir='ltr'><strong>bono</strong></span> <span class='ocrx_word' id='word_1_858' title='bbox 1623 5279 1728 5349; x_wconf 85' lang='lat' dir='ltr'><strong>etjusto</strong></span> <span class='ocrx_word' id='word_1_859' title='bbox 1736 5274 1856 5339; x_wconf 76' lang='lat' dir='ltr'><strong>Uconou&#39;</strong></span> <span class='ocrx_word' id='word_1_860' title='bbox 1865 5286 2050 5346; x_wconf 87' lang='lat' dir='ltr'><strong>sicltomiuetu</strong></span> 
     </span>
     <span class='ocr_line' id='line_1_113' title="bbox 1252 5365 2049 5448; baseline 0.02 -29"><span class='ocrx_word' id='word_1_861' title='bbox 1252 5365 1349 5420; x_wconf 83' lang='lat' dir='ltr'><strong>laetum</strong></span> <span class='ocrx_word' id='word_1_862' title='bbox 1363 5380 1434 5434; x_wconf 91' lang='lat' dir='ltr'><strong>esse,</strong></span> <span class='ocrx_word' id='word_1_863' title='bbox 1449 5376 1479 5422; x_wconf 95' lang='lat' dir='ltr'><strong>ut</strong></span> <span class='ocrx_word' id='word_1_864' title='bbox 1489 5369 1514 5425; x_wconf 92' lang='lat' dir='ltr'><strong>ei</strong></span> <span class='ocrx_word' id='word_1_865' title='bbox 1526 5379 1599 5425; x_wconf 90' lang='lat' dir='ltr'><strong>esset</strong></span> <span class='ocrx_word' id='word_1_866' title='bbox 1611 5385 1722 5428; x_wconf 89' lang='lat' dir='ltr'><strong>necesse</strong></span> <span class='ocrx_word' id='word_1_867' title='bbox 1734 5388 1860 5443; x_wconf 81' lang='lat' dir='ltr'><strong>pcccurc;</strong></span> <span class='ocrx_word' id='word_1_868' title='bbox 1871 5387 1900 5431; x_wconf 89' lang='lat' dir='ltr'><strong>et</strong></span> <span class='ocrx_word' id='word_1_869' title='bbox 1912 5376 1974 5432; x_wconf 89' lang='lat' dir='ltr'><strong>ideo</strong></span> <span class='ocrx_word' id='word_1_870' title='bbox 1987 5394 2049 5448; x_wconf 85' lang='lat' dir='ltr'><strong>pec·</strong></span> 
     </span>
     <span class='ocr_line' id='line_1_114' title="bbox 1251 5457 2050 5536; baseline 0.016 -26"><span class='ocrx_word' id='word_1_871' title='bbox 1251 5469 1328 5511; x_wconf 79' lang='lat' dir='ltr'><strong>casse</strong></span> <span class='ocrx_word' id='word_1_872' title='bbox 1346 5457 1408 5528; x_wconf 86' lang='lat' dir='ltr'><strong>quia</strong></span> <span class='ocrx_word' id='word_1_873' title='bbox 1428 5459 1530 5527; x_wconf 86' lang='lat' dir='ltr'><strong>relttit,</strong></span> <span class='ocrx_word' id='word_1_874' title='bbox 1545 5460 1589 5531; x_wconf 88' lang='lat' dir='ltr'><strong>qui</strong></span> <span class='ocrx_word' id='word_1_875' title='bbox 1612 5471 1703 5530; x_wconf 88' lang='lat' dir='ltr'><strong>posset</strong></span> <span class='ocrx_word' id='word_1_876' title='bbox 1714 5470 1743 5518; x_wconf 86' lang='lat' dir='ltr'><strong>ct</strong></span> <span class='ocrx_word' id='word_1_877' title='bbox 1762 5466 1843 5520; x_wconf 89' lang='lat' dir='ltr'><strong>nolle.</strong></span> <span class='ocrx_word' id='word_1_878' title='bbox 1864 5465 1919 5521; x_wconf 88' lang='lat' dir='ltr'><strong>Sed</strong></span> <span class='ocrx_word' id='word_1_879' title='bbox 1935 5467 2007 5536; x_wconf 89' lang='lat' dir='ltr'><strong>quod</strong></span> <span class='ocrx_word' id='word_1_880' title='bbox 2023 5468 2050 5523; x_wconf 87' lang='lat' dir='ltr'><strong>in</strong></span> 
     </span>
     <span class='ocr_line' id='line_1_115' title="bbox 1251 5544 2049 5628; baseline 0.016 -28"><span class='ocrx_word' id='word_1_881' title='bbox 1251 5544 1520 5618; x_wconf 74' lang='lat' dir='ltr'><strong>ejusprogeniemala</strong></span> <span class='ocrx_word' id='word_1_882' title='bbox 1530 5558 1699 5607; x_wconf 80' lang='lat' dir='ltr'><strong>tautaettarn</strong></span> <span class='ocrx_word' id='word_1_883' title='bbox 1706 5553 1846 5617; x_wconf 74' lang='lat' dir='ltr'><strong>manilesta</strong></span> <span class='ocrx_word' id='word_1_884' title='bbox 1855 5556 2049 5628; x_wconf 87' lang='lat' dir='ltr'><strong>conspicimus,</strong></span> 
     </span>
     <span class='ocr_line' id='line_1_116' title="bbox 1252 5637 2048 5718; baseline 0.018 -29"><span class='ocrx_word' id='word_1_885' title='bbox 1252 5650 1305 5691; x_wconf 86' lang='lat' dir='ltr'><strong>trun</strong></span> <span class='ocrx_word' id='word_1_886' title='bbox 1315 5637 1463 5695; x_wconf 81' lang='lat' dir='ltr'><strong>voluntarla</strong></span> <span class='ocrx_word' id='word_1_887' title='bbox 1478 5638 1631 5710; x_wconf 89' lang='lat' dir='ltr'><strong>bominum,</strong></span> <span class='ocrx_word' id='word_1_888' title='bbox 1649 5643 1697 5699; x_wconf 88' lang='lat' dir='ltr'><strong>sed</strong></span> <span class='ocrx_word' id='word_1_889' title='bbox 1711 5659 1772 5699; x_wconf 91' lang='lat' dir='ltr'><strong>cum</strong></span> <span class='ocrx_word' id='word_1_890' title='bbox 1785 5648 1882 5716; x_wconf 91' lang='lat' dir='ltr'><strong>quibus</strong></span> <span class='ocrx_word' id='word_1_891' title='bbox 1896 5649 1951 5702; x_wconf 86' lang='lat' dir='ltr'><strong>nati</strong></span> <span class='ocrx_word' id='word_1_892' title='bbox 1966 5660 2048 5718; x_wconf 90' lang='lat' dir='ltr'><strong>sunt,</strong></span> 
     </span>
     <span class='ocr_line' id='line_1_117' title="bbox 1251 5730 2048 5808; baseline 0.023 -27"><span class='ocrx_word' id='word_1_893' title='bbox 1251 5740 1311 5781; x_wconf 92' lang='lat' dir='ltr'><strong>cum</strong></span> <span class='ocrx_word' id='word_1_894' title='bbox 1333 5743 1363 5781; x_wconf 86' lang='lat' dir='ltr'><strong>ea</strong></span> <span class='ocrx_word' id='word_1_895' title='bbox 1383 5730 1474 5785; x_wconf 84' lang='lat' dir='ltr'><strong>venire</strong></span> <span class='ocrx_word' id='word_1_896' title='bbox 1492 5730 1527 5787; x_wconf 89' lang='lat' dir='ltr'><strong>de</strong></span> <span class='ocrx_word' id='word_1_897' title='bbox 1542 5732 1634 5788; x_wconf 79' lang='lat' dir='ltr'><strong>vitiata</strong></span> <span class='ocrx_word' id='word_1_898' title='bbox 1654 5749 1701 5804; x_wconf 87' lang='lat' dir='ltr'><strong>per</strong></span> <span class='ocrx_word' id='word_1_899' title='bbox 1718 5744 1856 5805; x_wconf 90' lang='lat' dir='ltr'><strong>peccatum</strong></span> <span class='ocrx_word' id='word_1_900' title='bbox 1878 5738 1984 5808; x_wconf 74' lang='lat' dir='ltr'><strong>origine</strong></span> <span class='ocrx_word' id='word_1_901' title='bbox 1999 5754 2048 5798; x_wconf 69' lang='lat' dir='ltr'><strong>ris</strong></span> 
     </span>
     <span class='ocr_line' id='line_1_118' title="bbox 1251 5818 2049 5893; baseline 0.021 -22"><span class='ocrx_word' id='word_1_902' title='bbox 1251 5818 1370 5890; x_wconf 72' lang='lat' dir='ltr'><strong>negatis,</strong></span> <span class='ocrx_word' id='word_1_903' title='bbox 1391 5820 1511 5890; x_wconf 88' lang='lat' dir='ltr'><strong>prolecto</strong></span> <span class='ocrx_word' id='word_1_904' title='bbox 1529 5822 1562 5877; x_wconf 90' lang='lat' dir='ltr'><strong>ad</strong></span> <span class='ocrx_word' id='word_1_905' title='bbox 1582 5833 1703 5882; x_wconf 90' lang='lat' dir='ltr'><strong>naturam</strong></span> <span class='ocrx_word' id='word_1_906' title='bbox 1722 5827 1785 5882; x_wconf 88' lang='lat' dir='ltr'><strong>mali</strong></span> <span class='ocrx_word' id='word_1_907' title='bbox 1804 5827 2049 5893; x_wconf 82' lang='lat' dir='ltr'><strong>introducendam,</strong></span> 
     </span>
     <span class='ocr_line' id='line_1_119' title="bbox 1284 5950 1772 6013; baseline 0.023 -14"><span class='ocrx_word' id='word_1_908' title='bbox 1284 5950 1293 5984; x_wconf 78' lang='lat'><strong>¹</strong></span> <span class='ocrx_word' id='word_1_909' title='bbox 1311 5951 1390 6001; x_wconf 83' lang='lat' dir='ltr'><strong>under</strong></span> <span class='ocrx_word' id='word_1_910' title='bbox 1402 5959 1475 6013; x_wconf 73' lang='lat' dir='ltr'><strong>sort..</strong></span> <span class='ocrx_word' id='word_1_911' title='bbox 1487 5954 1638 6008; x_wconf 70' lang='lat' dir='ltr'><strong>mutinense</strong></span> <span class='ocrx_word' id='word_1_912' title='bbox 1649 5958 1772 6010; x_wconf 75' lang='lat' dir='ltr'><strong>credatur.</strong></span> 
     </span>
    </p>
   </div>
   <div class='ocr_carea' id='block_1_10' title="bbox 1252 6013 2046 6137">
    <p class='ocr_par' dir='ltr' id='par_1_10' title="bbox 1252 6013 2046 6137">
     <span class='ocr_line' id='line_1_120' title="bbox 1284 6013 2046 6089; baseline 0.021 -29"><span class='ocrx_word' id='word_1_913' title='bbox 1284 6013 1294 6044; x_wconf 89' lang='lat'><strong>¹</strong></span> <span class='ocrx_word' id='word_1_914' title='bbox 1311 6017 1335 6061; x_wconf 92' lang='lat' dir='ltr'><strong>tn</strong></span> <span class='ocrx_word' id='word_1_915' title='bbox 1348 6014 1420 6085; x_wconf 80' lang='lat' dir='ltr'><strong>editis</strong></span> <span class='ocrx_word' id='word_1_916' title='bbox 1429 6015 1500 6072; x_wconf 84' lang='lat' dir='ltr'><strong>leco,</strong></span> <span class='ocrx_word' id='word_1_917' title='bbox 1511 6030 1612 6080; x_wconf 82' lang='lat' dir='ltr'><strong>peccare</strong></span> <span class='ocrx_word' id='word_1_918' title='bbox 1619 6033 1629 6082; x_wconf 89' lang='lat'><em>;</em></span> <span class='ocrx_word' id='word_1_919' title='bbox 1641 6019 1704 6071; x_wconf 83' lang='lat' dir='ltr'><strong>ntale</strong></span> <span class='ocrx_word' id='word_1_920' title='bbox 1714 6022 1887 6084; x_wconf 83' lang='lat' dir='ltr'><strong>substitutum,</strong></span> <span class='ocrx_word' id='word_1_921' title='bbox 1898 6029 1991 6087; x_wconf 77' lang='lat' dir='ltr'><strong>potem</strong></span> <span class='ocrx_word' id='word_1_922' title='bbox 1999 6057 2009 6089; x_wconf 84' lang='lat'><strong>,</strong></span> <span class='ocrx_word' id='word_1_923' title='bbox 2018 6028 2046 6075; x_wconf 83' lang='lat' dir='ltr'><strong>et</strong></span> 
     </span>
     <span class='ocr_line' id='line_1_121' title="bbox 1252 6077 1506 6137; baseline 0.031 -17"><span class='ocrx_word' id='word_1_924' title='bbox 1252 6077 1443 6137; x_wconf 70' lang='lat' dir='ltr'><strong>repttgmuttbus</strong></span> <span class='ocrx_word' id='word_1_925' title='bbox 1455 6084 1506 6129; x_wconf 71' lang='lat' dir='ltr'><strong>ttss</strong></span> 
     </span>
    </p>
   </div>
   <div class='ocr_carea' id='block_1_11' title="bbox 0 0 2460 6884">
    <p class='ocr_par' dir='ltr' id='par_1_11' title="bbox 0 0 2460 6884">
     <span class='ocr_line' id='line_1_122' title="bbox 0 0 2460 6884; baseline 0 0"><span class='ocrx_word' id='word_1_926' title='bbox 0 0 2460 6884; x_wconf 95' lang='lat' dir='ltr'><strong> </strong></span> 
     </span>
    </p>
   </div>
  </div>
 </body>
</html>
