4900 6892
366 652 436 710 teus

369 765 506 823 deseendit
517 808 523 828 ,
536 764 569 818 ab
582 762 676 817 inlerni
691 759 802 818 vioculis
817 761 824 790 ¹
837 759 961 813 solueret.
978 756 1053 811 Tune
1075 754 1157 820 enirn,

352 855 444 927 'luam
464 855 560 910 librum
582 852 742 927 Sapientiae,
759 844 1000 919 intelligendusest
1018 844 1157 900 eductusa

370 947 468 1002 delicto
479 960 538 1012 suo,
554 955 582 999 ut
597 944 648 997 lroc
661 935 704 996 ille
715 941 781 996 liber
792 956 844 994 non
859 937 956 994 lactum
979 934 1098 1001 dixisse,
1112 933 1159 990 scd

373 1041 490 1094 lotorum
513 1035 665 1106 praedixisse
673 1037 863 1096 ‘'monstretur,
887 1029 1079 1102 quanuis'per
1097 1043 1159 1082 uer·

371 1131 432 1186 laum
447 1127 572 1198 praeteriti
587 1117 716 1196 temporis
731 1142 738 1179 z
752 1123 791 1179 sic
803 1123 873 1179 enim
886 1121 935 1187 ait,
951 1115 1047 1173 Eduxit
1060 1118 1159 1172 illatore

369 1220 457 1276 delicto
468 1237 513 1274 ruo
527 1216 604 1291 (sap.
625 1234 662 1286 x,
688 1216 729 1289 Ξ),
745 1213 969 1287 quemadmodum
984 1211 1082 1293 diettun
1102 1210 1158 1276 est,

371 1307 502 1364 Foderunt
514 1325 604 1363 rrronur
616 1323 684 1361 otras
693 1305 778 1379 (Psoi.
793 1321 850 1370 xxa,
865 1304 923 1373 lt),
940 1312 966 1357 et
980 1305 1088 1366 cetera,
1099 1313 1159 1369 qute

367 1404 403 1457 ilii
422 1417 468 1472 per
481 1402 560 1456 uerba
575 1398 701 1470 praeteriti
718 1395 869 1466 temporis¹
885 1394 973 1450 iutura
993 1407 1052 1447 esse
1067 1390 1161 1446 dicuu-

368 1505 419 1548 tur.
436 1496 474 1548 Ac
485 1508 535 1564 per
548 1492 599 1546 luoc
613 1500 641 1546 et
654 1497 740 1545 morte
752 1490 872 1558 corporis
890 1485 989 1541 laetum
1004 1492 1057 1549 est,
1071 1489 1100 1536 ut
1111 1495 1159 1550 pro

369 1595 479 1656 peccato
509 1597 614 1653 prunam
635 1582 720 1636 lueret
742 1578 933 1649 temporalem;
950 1585 976 1630 et
999 1570 1157 1644 poeuitcntia

368 1691 421 1730 raon
441 1674 506 1729 trilrii
519 1683 606 1728 aetum
621 1681 681 1737 est,
697 1660 727 1726 ut
747 1668 873 1725 eraderet
884 1666 1072 1738 sempiternam
1090 1678 1096 1715 :
1112 1660 1159 1716 tubi

367 1766 427 1837 plus
442 1765 524 1819 ualuit
537 1761 622 1835 gratia
643 1759 801 1823 liberantis,
820 1772 900 1828 quam
922 1754 1045 1809 meritum
1072 1750 1160 1823 poeni·

367 1856 458 1912 teutis.
478 1855 535 1910 Non
555 1863 597 1910 est
612 1852 681 1908 unde
706 1862 732 1908 te
755 1850 860 1905 munias
881 1848 1010 1903 aduersus
1031 1845 1159 1921 impetum

367 1947 565 2016 veritatisque
587 1958 647 1999 cum
673 1943 726 1997 tuis
746 1938 878 1994 machinis
896 1937 922 1991 in
937 1935 1084 1991 clarissima
1100 1933 1159 1988 lucc

367 2036 555 2107 prosterneris,
572 2049 621 2088 nee
635 2034 660 2087 iu
676 2032 723 2086 llei
741 2029 891 2101 paradisum
913 2037 939 2082 et
963 2034 1063 2081 mortes
1078 2033 1105 2080 et
1118 2025 1159 2077 in·

371 2124 552 2181 numerabiles
567 2123 685 2188 morbos,
700 2120 844 2176 mortiferis
870 2117 1032 2174 cruciatibus
1048 2116 1157 2186 plenos,

369 2219 513 2272 imndttere
523 2215 575 2270 ulla
588 2214 691 2284 penitus
706 2213 809 2268 ratione
821 2211 992 2282 permitteris.
1006 2208 1092 2264 Cerdo
1105 2208 1159 2262 Deo

370 2315 479 2380 dicenti,
505 2313 667 2381 Quocumque
679 2308 720 2363 die
730 2308 831 2363 ederitis
842 2323 873 2361 ee
884 2322 923 2371 eo,
939 2313 1018 2358 morte
1033 2301 1159 2357 anorierui·

370 2398 484 2478 ui(i1'eo.
500 2421 529 2470 u,
543 2402 598 2475 tl).
615 2402 655 2456 Eo
675 2400 773 2471 quippe
787 2398 830 2457 die
850 2405 991 2466 coeperunt
1002 2394 1089 2458 mori,
1105 2406 1159 2464 quo

368 2496 483 2568 separati
504 2511 519 2550 a
547 2494 619 2565 ligno
641 2493 717 2558 sitne,
734 2489 803 2561 quod
817 2489 907 2558 utique
922 2487 949 2542 in
969 2486 1029 2541 loeo
1045 2484 1160 2556 positum

366 2586 624 2659 corporali„corpori
636 2586 715 2639 vitam
730 2581 957 2645 subministrabat,
972 2578 1159 2634 necessitatem

367 2679 461 2735 rarortis
481 2677 716 2745 conditionemque
735 2680 915 2743 sumpserunt.
941 2669 1046 2725 Certe¹
1066 2669 1160 2722 domno

367 2767 455 2824 mortis
478 2776 505 2822 ct
517 2783 585 2822 mors
598 2781 686 2832 ouoro,
701 2762 780 2818 rerba
793 2771 855 2817 sunt
872 2770 934 2815 tua:
951 2759 1046 2815 saltem
1066 2767 1091 2813 te
1108 2758 1158 2813 ista

365 2858 446 2913 uerba
460 2867 513 2912 tam
523 2856 589 2911 dura
598 2862 626 2910 et
638 2852 780 2918 horrenda,
796 2860 824 2906 ut
833 2850 956 2924 paradiso
967 2849 1013 2905 liei
1026 2863 1158 2919 parceres,

365 2949 550 3005 admonerent.
564 2945 714 3002 Tantumne
722 2951 751 2998 te
765 2941 875 2996 olicndit
888 2939 961 2995 locos
975 2938 1161 3009 praedicatissi-

366 3059 427 3099 mus
439 3042 589 3106 beatorum,
604 3047 633 3092 ut
648 3052 662 3090 a
682 3046 708 3092 te
719 3036 746 3090 in
761 3050 822 3091 eum
836 3042 864 3088 et
887 3039 1003 3087 merset
1018 3029 1158 3084 damnifica

369 3143 486 3192 etauara
500 3128 674 3187 mittaturiO
689 3127 788 3183 inimici
808 3126 856 3182 Dei
870 3125 973 3196 gratiae,
991 3124 1091 3179 inimici
1113 3138 1159 3193 pa-

368 3229 459 3283 radiso
474 3227 536 3290 Dei,
551 3239 604 3294 quo
614 3222 728 3294 amplius
743 3219 866 3290 progredi
879 3217 1018 3288 poteritis,
1033 3231 1112 3287 quam
1131 3223 1160 3269 ιιι

366 3327 520 3373 saurelarum
536 3313 691 3368 deliciarum
705 3308 873 3365 dulcedinem
885 3306 1060 3361 amarissimis
1071 3305 1160 3375 poeuis

366 3407 516 3479 impleatis,
535 3404 653 3475 nihilque
677 3401 765 3457 uelitis
788 3414 849 3454 esse
875 3397 1026 3470 paradisum
1046 3397 1095 3451 nisi
1110 3407 1158 3466 ge-

367 3501 481 3555 liennam
498 3495 649 3552 minorem?

399 3587 495 3642 xxxi.
521 3586 580 3642 lot.
610 3586 693 3639 Porro
717 3582 772 3652 jam
797 3581 860 3636 satis
881 3582 964 3635 multa
988 3577 1023 3634 de
1045 3575 1155 3634 Genesi.

365 3679 544 3734 Transeamus
558 3676 590 3730 ad
612 3674 761 3745 apostolum
785 3672 907 3737 Paulum,
923 3685 1001 3740 quem
1024 3666 1159 3737 opinionis

365 3786 420 3827 sure
434 3769 594 3826 llanielueus
608 3776 634 3822 et
647 3765 828 3820 Traducianus
840 3763 992 3831 opinamur.
1013 3758 1080 3815 Cum
1094 3771 1158 3828 ergo

367 3863 401 3916 tle
414 3869 579 3913 mortuorum
592 3854 788 3909 resurrectione
808 3851 961 3912 dissereret,
976 3849 1011 3902 ait
1025 3865 1032 3901 :
1046 3847 1119 3901 Sicut
1131 3847 1158 3899 io

367 3951 451 4007 ddum
464 3964 549 4002 onmes
561 3945 714 4006 morimrtur,
727 3943 763 3995 itu
783 3950 805 3996 et
826 3941 852 3994 t'u
867 3940 967 3994 Clariste
980 3954 1066 3992 omnes
1079 3932 1158 4005 uiuifi-

371 4042 494 4095 rolantor
507 4035 529 4107 (l
549 4034 608 4091 Cor.
624 4050 669 4101 xv,
683 4031 740 4105 ιι).
760 4030 815 4087 lloc
829 4030 1008 4085 testimonium
1027 4027 1157 4098 usurpasti

367 4144 407 4200 tu,
423 4146 484 4188 curu
499 4144 552 4200 quo
566 4127 643 4182 nobis
655 4139 734 4182 eausa
748 4134 789 4180 est
801 4141 807 4176 :
820 4122 867 4178 sed
880 4122 943 4193 quud
955 4135 987 4178 eo
999 4120 1093 4177 confici
1108 4132 1157 4190 pu·

364 4238 446 4295 tores,
455 4225 515 4296 quia
524 4233 550 4278 tu
561 4222 680 4288 tacuisti,
693 4221 743 4277 etsi
755 4219 884 4290 suspicer,
897 4228 985 4275 tamen
999 4217 1157 4274 couilrmare

364 4320 406 4372 rix
420 4330 537 4388 possum.
551 4313 619 4381 Quid
630 4312 701 4368 euim
712 4319 813 4381 spectat
825 4311 858 4366 ad
870 4311 1017 4373 traducem,
1029 4310 1051 4364 si
1062 4321 1156 4363 omnes

364 4410 390 4465 iu
407 4407 489 4464 lldam
506 4407 572 4460 ιιιοιι
593 4404 732 4468 dicantur;
748 4418 808 4458 euna
824 4402 908 4457 Adam
928 4416 1024 4457 nomen
1038 4397 1156 4454 hominis

364 4502 409 4566 sit,
433 4498 527 4553 tradux
551 4505 640 4551 autem
661 4494 761 4564 pcccati
776 4503 803 4548 et
823 4493 889 4547 lalris'
910 4491 1063 4546 llaoieluaeae
1084 4490 1155 4545 indi·

364 4588 453 4644 ciuml
468 4586 521 4641 uisi
537 4585 605 4639 lortc
619 4583 685 4638 nilnl
700 4581 772 4636 aliml
785 4581 871 4650 ipsum
887 4579 987 4645 Adam,
1001 4594 1080 4650 quam
1094 4594 1156 4649 pee-

365 4687 454 4732 catum
470 4684 497 4732 et
518 4688 596 4742 csse,
612 4681 640 4729 et
661 4686 757 4727 sonare
779 4669 904 4733 iatearis;
919 4679 947 4721 ut
968 4668 1019 4723 hae
1038 4670 1156 4740 appella-

364 4771 437 4823 tione
451 4764 595 4837 Apostolus
615 4778 710 4819 omnes
724 4761 792 4816 mori
812 4759 839 4814 in
852 4766 961 4829 peccato
974 4759 1159 4828 pronuntiasse

325 4855 328 4902 i
365 4854 504 4911 uideatur?
514 4852 567 4908 Sed
581 4853 632 4908 lroc
645 4852 780 4923 propalam
794 4848 917 4931 insanum
933 4855 983 4902 est.
997 4846 1066 4915 Quid
1080 4847 1158 4916 igitm

366 4957 475 5008 uorum,
491 4943 514 4996 si
529 4942 590 5012 quia
605 4940 689 4995 adam
702 4954 791 4995 sermo
805 4938 927 4993 hebreos
946 4936 1012 4990 nillil
1029 4935 1100 4991 aliud
1115 4938 1157 4991 in-

363 5034 436 5092 dicat
449 5045 528 5104 quam
549 5030 683 5084 hominem
699 5029 761 5100 (hoe
775 5029 846 5083 enim
869 5027 1052 5098 interpretatio
1074 5028 1158 5098 ipsius

366 5122 521 5194 exprimit),
532 5119 632 5175 dixerit
646 5119 798 5190 Apostolus,
811 5117 843 5171 ln
852 5115 935 5170 duum
948 5135 1033 5172 omna
1043 5121 1157 5173 morion-

362 5229 418 5280 tur,
433 5223 457 5268 et
469 5214 497 5267 iu
510 5209 612 5268 Christo
623 5224 709 5266 omues
724 5206 922 5277 vivificabuntur
934 5223 942 5261 :
953 5208 978 5262 id
991 5217 1049 5274 est,
1062 5223 1158 5264 secum

365 5309 430 5361 ulum
450 5303 565 5360 hominis
583 5303 628 5373 qui
643 5301 793 5358 moriuntur
811 5307 952 5365 naturam,
973 5314 1020 5370 per
1034 5301 1158 5355 virtutem

368 5394 467 5451 tlaristi
481 5394 620 5449 amortuis
634 5392 803 5448 exciuntur-t
817 5389 884 5445 lluic
903 5390 1041 5445 molentis
1055 5391 1100 5461 qui
1116 5391 1157 5445 in·

368 5487 484 5552 delator,
497 5484 595 5539 insanit
606 5484 744 5553 :ejusdem
758 5482 856 5554 quippe
867 5481 983 5535 auctoris
993 5480 1101 5548 uirtute,
1112 5482 1156 5551 qui

368 5579 395 5637 ln
417 5578 468 5634 inse
487 5577 540 5632 rita
560 5573 747 5630 iucunditatem
768 5584 796 5631 et
814 5573 1002 5630 mortalitatem
1024 5573 1157 5639 instituit,

369 5668 486 5725 universi
507 5665 693 5724 exdubontur
706 5680 722 5720 e
735 5664 882 5735 sepulcris,
897 5674 927 5719 ιιι
946 5664 1056 5735 recipiat
1074 5677 1159 5718 uuus·

371 5763 483 5837 quisque
498 5759 603 5832 propria
617 5755 738 5828 corporis
756 5756 816 5823 sui,
837 5766 915 5828 prout
928 5756 1027 5828 gessit,
1042 5755 1098 5811 sire
1110 5757 1157 5813 bo

400 5951 480 6002 ¹llss.
506 5950 704 6013 uaesaniae,
727 5949 758 6001 od
782 5950 879 6002 ermes
905 5950 1014 6004 ιιιιειιιιι.

398 6013 489 6069 'tuditi
502 6013 579 6073 Ῑιιιιιιι
589 6014 710 6077 turgurio
730 6013 879 6073 wiffentur
902 6027 934 6066 ει
945 6015 1121 6078 manuscriptis.

402 6072 412 6104 ⁸
425 6075 569 6136 ligmerius,
581 6087 644 6126 ecce.
659 6083 686 6126 tt
697 6083 761 6138 uss„
773 6081 846 6126 certe.

665 645 812 706 'ocultis‘
825 644 1030 704 lltt‘ultluctt
1050 642 1186 700 corilus
1205 644 1385 708 lucrumst,
1408 647 1436 700 S.
1460 648 1642 706 lituustlill

1940 652 2008 713 teti

1214 771 1289 819 num,
1298 756 1354 812 sive
1364 757 1461 812 malurn
1471 757 1502 829 [ll
1511 757 1569 814 Cor.
1581 777 1608 826 r,
1619 761 1676 828 llll.
1691 759 1746 816 lloc
1755 762 1842 833 itaque
1854 761 1927 818 dicto
1938 765 2009 836 dpe-

1213 847 1292 913 stoli,
1308 863 1361 918 quo
1375 849 1426 915 uit,
1442 847 1514 904 Sicut
1532 853 1558 905 in
1574 853 1656 906 Adoro
1670 869 1754 908 corner
1768 856 1924 924 moriuntur,
1938 857 1974 910 itu
1984 869 2008 914 et

1212 937 1238 990 in
1250 936 1350 992 Christo
1371 956 1457 995 onrner
1476 942 1684 1011 statuentium,-
1704 956 1817 1000 mortcm
1840 949 2007 1019 corporalem

1213 1043 1274 1097 qum
1296 1029 1376 1100 justis
1391 1031 1549 1116 injustisque
1573 1036 1722 1089 communis
1735 1045 1795 1106 est,
1816 1050 1850 1091 an
1874 1040 2007 1108 poeoalrm

1211 1119 1286 1175 illam
1300 1120 1407 1176 diabolo
1417 1133 1444 1178 et
1459 1123 1547 1192 impiis
1560 1123 1712 1195 deputatam
1727 1125 1854 1182 insinuari
1870 1129 1968 1199 putas?
1978 1127 2006 1184 Si

1214 1214 1361 1269 naturalem
1386 1215 1463 1270 istam
1486 1213 1729 1290 simplicemque
1752 1221 1778 1274 io
1803 1223 1904 1277 sanctis
1927 1223 2005 1277 etiam

1214 1305 1328 1374 pretiosa
1343 1315 1384 1360 est
1399 1303 1485 1374 (Psoi.
1500 1321 1562 1372 ιιι,
1578 1308 1624 1375 5),
1640 1323 1699 1379 quae
1718 1324 1772 1364 noo
1786 1309 1873 1366 solun'a
1887 1311 1967 1367 bouils
1978 1321 2003 1367 et

1213 1395 1301 1461 usalis,
1315 1397 1498 1451 verumetiam
1513 1397 1664 1453 horninibus
1675 1398 1875 1471 pecudibusque
1888 1416 1919 1456 ει
1932 1415 2006 1472 ecquo

1212 1485 1325 1550 accidit3
1342 1485 1420 1551 hanc,
1435 1488 1553 1558 inquam,
1569 1496 1682 1544 mortum
1698 1491 1740 1545 liic
1753 1490 1897 1562 Apostolus
1909 1491 2005 1547 ludica-

1212 1577 1250 1630 rit
1262 1593 1268 1629 :
1280 1574 1449 1630 manifestum
1463 1585 1505 1632 est
1518 1578 1642 1648 quoniam
1666 1579 1774 1634 nomine
1796 1579 1862 1635 ddte
1885 1583 2003 1636 naturam

1214 1665 1405 1731 immanitatis,
1422 1667 1530 1722 nominc
1552 1677 1641 1722 autern
1655 1668 1755 1724 christi
1770 1656 2004 1740 potentiam'crca·

1212 1757 1279 1811 toris
1293 1766 1320 1812 et
1331 1759 1485 1821 excitatoris
1499 1761 1625 1815 ostendit.
1642 1760 1690 1816 Sin
1705 1769 1796 1816 autem
1815 1763 1888 1832 quod
1906 1763 1959 1828 ait,
1974 1761 2004 1818 ln

1210 1846 1294 1902 Adam
1309 1864 1394 1902 corner
1413 1850 1574 1916 ntoriuntur‚·
1594 1851 1695 1906 crimen
1720 1843 1763 1906 nic
1785 1852 1852 1907 uelis
1874 1853 2003 1925 intelligi,

1213 1954 1265 1994 non
1289 1950 1427 2006 naturam;
1444 1942 1560 2012 suppetit
1583 1943 1713 2012 expositio
1735 1952 1789 1998 tam
1811 1952 1905 2014 aperta
1928 1960 2002 2016 quau

1211 2039 1295 2096 certa,
1310 2031 1434 2088 videlicet
1447 2042 1475 2087 ut
1488 2033 1597 2101 dixerit,
1613 2034 1686 2090 Sicut
1701 2050 1804 2102 omnes,
1819 2034 1844 2090 id
1859 2044 1913 2101 est,
1930 2037 2000 2094 mult.

1211 2120 1276 2176 Adur
1290 2121 1437 2178 imitatione
1449 2124 1618 2194 moriuntur;
1639 2125 1674 2179 ito
1695 2142 1799 2191 omnes,
1816 2125 1843 2181 ld
1857 2135 1910 2194 est,
1933 2128 2004 2183 multi

1210 2209 1309 2265 Christi
1326 2211 1472 2268 imitatione
1495 2215 1644 2269 salvantur.
1661 2217 1714 2270 dut
1737 2230 1802 2286 ergo
1823 2216 1857 2272 de
1873 2219 2004 2274 communi

1211 2309 1298 2355 morte
1312 2300 1416 2358 locutus
1429 2312 1480 2369 est,
1494 2312 1521 2358 et
1542 2315 1665 2359 naturam
1678 2305 1805 2361 indicarit
1817 2325 1824 2360 :
1836 2292 1886 2362 aut
1896 2307 1931 2363 de
1943 2320 2004 2379 pec·

1213 2401 1283 2456 cato,
1297 2398 1325 2445 ct
1348 2393 1520 2449 inritationem
1546 2396 1679 2451 accusarit
1690 2397 1711 2449 ¹.
1735 2395 1779 2452 Sic
1801 2397 1873 2453 enirn
1897 2407 1925 2454 ει
1948 2409 2004 2470 post

1211 2495 1294 2549 pauca
1309 2481 1464 2552 subjunxit:
1479 2484 1553 2540 Sicut
1568 2486 1733 2557 portavimus,
1748 2488 1833 2559 inquit
1846 2531 1854 2549 .
1869 2488 2005 2561 imaginem

1212 2575 1356 2638 terrestris,
1384 2586 1511 2648 portemus
1538 2578 1615 2633 etium
1641 2580 1777 2655 iotoginem
1801 2580 1875 2637 iilius
1902 2584 2005 2640 mlettis

1211 2665 1234 2736 (l
1249 2665 1306 2720 Cor.
1323 2683 1368 2733 xv,
1385 2668 1443 2738 49).
1460 2669 1538 2726 Certe
1552 2673 1686 2743 susceptio
1700 2672 1822 2745 imaginis
1836 2690 1889 2728 non
1904 2685 2005 2747 poterat

1211 2753 1354 2825 imperari,
1370 2760 1392 2814 si
1417 2760 1545 2816 naturalis
1572 2762 1740 2833 inqualitate
1759 2764 1888 2820 alterutra
1913 2765 2004 2823 oete

1211 2854 1297 2900 retur.

1247 2938 1314 2993 Aoo.
1328 2938 1392 3006 Quis
1402 2950 1442 2995 est
1454 2949 1505 2996 tam
1518 2942 1655 3013 negligens
1666 2944 1872 3014 apostolicorum
1886 2945 2002 3017 eloquio

1211 3041 1285 3092 rum,
1301 3036 1330 3081 ut
1343 3043 1395 3082 non
1412 3028 1498 3085 rideat
1511 3032 1581 3101 quod
1597 3033 1739 3102 apostolos
1756 3032 1789 3089 de
1809 3036 2003 3093 resurrectione

1210 3120 1329 3189 corporis
1342 3120 1500 3187 disserebat,
1514 3123 1559 3179 ubi
1571 3123 1618 3191 ait,
1633 3122 1707 3181 Sicut
1719 3126 1746 3180 in
1759 3125 1842 3180 ddum
1854 3136 1941 3182 omnes
1952 3144 2003 3183 mo*

1210 3212 1324 3278 duntur,
1338 3211 1374 3265 ito
1389 3223 1412 3267 et
1427 3214 1453 3267 io
1467 3213 1567 3269 Christo
1581 3231 1667 3271 omnes
1683 3213 1896 3286 oiripcoioutur?
1913 3219 1965 3275 Sed
1977 3228 2003 3274 ιιι

1188 3296 1199 3326 ⁸
1210 3301 1244 3357 ad
1254 3303 1397 3369 dilatanda,
1408 3320 1460 3360 non
1470 3307 1585 3376 eloquia,
1597 3307 1643 3363 sed
1655 3307 1803 3380 vaniloquia
1815 3317 1869 3376 tua,
1880 3310 1925 3365 arbi
1936 3310 2002 3366 nulla

1210 3394 1323 3465 quustlo
1336 3403 1386 3463 est,
1401 3396 1499 3466 ingeris
1512 3397 1697 3467 questionem,
1709 3406 1736 3454 ct
1748 3400 1846 3468 quaeris
1858 3414 1874 3453 a
1886 3416 1931 3455 me
1943 3399 2003 3454 illud

1210 3484 1280 3556 quod
1296 3484 1468 3552 dictumest,
1485 3484 1613 3541 laddum
1631 3504 1717 3543 oorneu
1734 3489 1894 3555 momontum
1908 3490 1942 3546 de
1954 3505 2003 3561 qua

1210 3583 1296 3630 morte
1315 3574 1349 3629 sit
1367 3574 1477 3630 dictum.
1493 3577 1605 3632 Prorsus
1618 3577 1651 3633 de
1668 3586 1754 3633 morte
1767 3579 1892 3649 eorporis
1906 3579 2002 3636 dictum

1210 3673 1265 3729 est,
1283 3665 1331 3718 ista
1352 3664 1454 3721 scilicet
1469 3681 1520 3736 qua
1540 3681 1649 3722 necesse
1668 3677 1710 3723 est
1730 3669 1880 3724 moriantur
1899 3669 1961 3726 lroni
1977 3676 2004 3726 ct

1210 3753 1290 3821 mali,
1307 3769 1359 3808 non
1375 3754 1420 3809 illa
1433 3770 1483 3824 qua
1500 3756 1596 3811 mortui
1609 3757 1733 3813 dicuntur
1746 3760 1791 3830 qui
1806 3759 1901 3816 eadem
1920 3770 2005 3817 morte

1210 3855 1272 3900 sunt
1283 3847 1344 3900 nimi
1356 3864 1362 3899 :
1374 3862 1440 3917 quas
1449 3845 1514 3902 duas
1525 3858 1634 3915 mortes,
1647 3865 1698 3905 una
1710 3851 1785 3906 breui
1797 3852 1929 3908 Dominus
1938 3866 2005 3908 coru·

1210 3937 1335 4008 plectitur
1346 3941 1487 4006 sententia,
1501 3941 1592 3998 dicens
1604 3961 1611 3996 ε
1623 3943 1686 3999 Sine
1697 3952 1807 3998 mortuos
1820 3944 1929 4016 sepelire
1938 3962 2004 4000 mor·

1210 4038 1266 4084 tuos
1281 4048 1339 4086 roos
1356 4032 1466 4104 (llottlr.
1482 4050 1542 4102 ιιιι,
1559 4034 1622 4109 22).
1641 4037 1689 4092 Est
1706 4038 1786 4093 etiam
1800 4052 1891 4107 mors,
1906 4054 1965 4111 que
1978 4041 2005 4094 in

1209 4121 1369 4194 Apocalypsi
1383 4137 1456 4180 mors
1469 4124 1584 4181 secunda
1596 4125 1693 4182 dicitur
1705 4128 1797 4199 (Apoc.
1810 4144 1840 4197 rr,
1854 4130 1885 4184 ll
1898 4144 1906 4194 ;
1919 4146 1966 4197 ιι,
1977 4129 2004 4196 s,

1210 4212 1262 4278 li;
1278 4228 1338 4278 ιιι,
1354 4212 1394 4285 8),
1410 4229 1461 4284 qua
1475 4224 1503 4270 et
1516 4229 1612 4286 eorpus
1626 4226 1653 4272 et
1667 4219 1754 4273 anima
1770 4219 1831 4289 igne
1845 4220 2004 4274 cruciabun-

1210 4310 1253 4356 tor
1267 4312 1384 4370 :uterum
1403 4319 1483 4375 quam
1501 4306 1619 4361 minatur
1633 4309 1759 4363 llominus
1775 4310 1818 4364 ubi
1834 4309 1922 4367 die-it:
1941 4311 2006 4366 Eum

1210 4395 1306 4463 timete,
1322 4396 1451 4465 quilebet
1465 4408 1626 4468 potestatem,
1642 4409 1666 4454 et
1680 4417 1771 4472 corpur
1784 4411 1807 4456 et
1820 4403 1933 4457 arsimone
1947 4420 2006 4474 per·

1209 4487 1307 4543 doeio
1320 4491 1458 4561 primoum
1471 4490 1576 4564 (llottlt.
1590 4509 1619 4559 s,
1631 4493 1688 4567 ιιι).
1699 4496 1826 4564 Quamuis
1836 4512 1901 4569 ergo
1915 4499 2007 4553 multae

1210 4590 1308 4636 mortes
1318 4581 1485 4638 inveniantur
1495 4585 1521 4638 in
1532 4584 1691 4657 Scripturis3
1701 4587 1759 4642 dure
1770 4596 1859 4644 tamen
1869 4598 1933 4643 sunu
1943 4603 2009 4660 prae·

1209 4671 1304 4742 cipue,
1318 4673 1403 4742 prima
1416 4681 1443 4728 et
1456 4674 1572 4731 secunda
1587 4694 1594 4730 :
1611 4677 1696 4748 prima
1711 4689 1761 4743 est,
1776 4693 1855 4748 quarn
1870 4679 2009 4748 peccando

1210 4761 1299 4817 intulit
1318 4762 1419 4833 primus
1441 4764 1538 4832 irom03
1554 4765 1669 4827 secunda
1689 4777 1746 4834 est,
1762 4783 1842 4838 qnam
1860 4768 2008 4839 judicando

1210 4853 1333 4911 illaturus
1346 4865 1387 4912 est
1403 4857 1535 4914 secundus
1554 4858 1645 4915 homo.
1660 4858 1734 4916 Sicut
1754 4863 1780 4916 in
1800 4861 1901 4917 sanctis
1920 4861 2009 4920 libris

1210 4946 1293 5002 naualia
1308 4946 1354 5002 liei
1366 4955 1522 5003 testamenta
1535 4960 1794 5016 commemorantum
1809 4950 1879 5022 quod
1894 4961 2010 5022 possunt

1209 5037 1359 5104 aduertere,
1371 5038 1415 5109 qui
1426 5037 1566 5109 diligenter
1574 5040 1665 5112 legunt
1676 5059 1684 5096 τ
1695 5048 1757 5097 sunt
1769 5050 1858 5100 tamen
1870 5042 1926 5099 duo
1939 5061 2011 5116 prae·

1210 5127 1298 5197 cipua,
1314 5138 1391 5181 retus
1405 5136 1432 5183 et
1447 5143 1554 5183 norum.
1570 5128 1660 5185 Prima
1674 5145 1738 5202 ergo
1752 5147 1824 5188 mors
1838 5136 1921 5204 coepit
1935 5151 2009 5200 esse,

1210 5217 1316 5287 quando
1330 5218 1414 5272 Adam
1429 5218 1463 5275 de
1477 5221 1600 5291 paradiso
1612 5220 1713 5292 ejectus
1728 5232 1778 5286 est,
1793 5232 1820 5279 et
1837 5237 1979 5296 separatus
1994 5243 2011 5282 a

1212 5308 1284 5378 ligno
1299 5308 1361 5362 vitre
1375 5326 1382 5362 ε
1396 5323 1469 5365 mors
1482 5310 1598 5367 secunda
1612 5327 1672 5369 esse
1685 5314 1803 5385 incipiet,
1816 5316 1924 5386 quando
1935 5317 2011 5372 dice

1211 5408 1264 5461 tur,
1281 5397 1406 5453 discedite
1419 5417 1435 5452 u
1448 5417 1503 5464 rue,
1518 5402 1660 5469 maledieti,
1675 5404 1701 5457 in
1714 5403 1798 5475 ignem
1810 5413 1933 5460 ιτιειιιιιιιι
1946 5404 2011 5477 (Ιό.

1210 5498 1275 5556 xxv,
1289 5490 1345 5560 il).
1359 5490 1424 5545 Cum
1438 5491 1561 5562 igiturde
1572 5495 1767 5551 resurrectione
1778 5496 1899 5566 eorporis
1914 5496 2013 5568 loque-

1211 5588 1284 5634 retur
1298 5580 1450 5649 apostotus,
1465 5583 1503 5636 ait
1514 5600 1521 5636 ε
1534 5581 1587 5637 Per
1599 5583 1724 5638 torrium
1737 5600 1815 5649 mers,
1829 5594 1855 5640 et
1865 5601 1911 5656 per
1924 5587 2011 5640 nonul-

1210 5686 1268 5724 rrrm
1281 5674 1429 5727 rerurrectio
1442 5682 1598 5729 mortuorum
1611 5691 1620 5730 .·
1632 5676 1695 5731 sicut
1706 5678 1773 5731 eninr
1784 5679 1811 5732 io
1823 5677 1905 5732 Adam
1919 5694 2012 5735 omnes

1210 5762 1363 5825 moriuntur:
1377 5763 1414 5816 tic
1426 5772 1450 5817 et
1462 5765 1488 5817 in
1498 5762 1598 5820 Christo
1610 5776 1696 5821 omues
1707 5767 1901 5836 adprobantur
1912 5767 1936 5840 (l
1947 5767 2009 5825 cor.

1211 5865 1259 5916 rr,
1272 5850 1304 5906 il
1315 5850 1410 5923 etti).
1426 5852 1484 5908 Non
1498 5854 1587 5926 itaque
1595 5856 1725 5912 debemus
1744 5857 1891 5929 inquirere.
1907 5860 1944 5917 dc
1957 5876 2011 5931 qua

1211 5952 1297 5997 morte
1306 5950 1400 6012 agatur
1412 5944 1463 6000 hoe
1473 5943 1551 6019 locoj.
1563 5946 1733 6005 manifestum
1744 5957 1785 6005 est
1795 5951 1866 6006 eadm
1877 5951 1912 6007 dc
1920 5960 2012 6009 m

1246 6077 1255 6107 ¹
1267 6075 1347 6127 codex
1360 6085 1431 6140 eoru,
1441 6079 1606 6132 wamumuu't.
