4900 6892
403 718 474 778 itta

402 847 456 890 curt
466 831 584 903 propria,
595 827 643 884 sed
657 827 742 884 atlicrra
753 832 859 896 peretto
869 821 966 895 (ipim
975 823 1021 894 bt,
1038 816 1194 891 utlFiduur).

402 926 478 982 licus
487 934 528 979 est
536 931 684 993 praeceptor
693 914 942 986 hmhrosius,cnjus
952 929 1005 971 nun
1015 911 1101 968 solum
1111 909 1194 970 llltros

402 1015 520 1089 legi‚sed
530 1013 612 1072 rerba
625 1012 706 1073 etiam
717 1005 956 1081 loquentisaudivi,
966 1013 994 1059 et
1003 1018 1050 1074 per
1058 1002 1201 1058 cumlaud-

401 1124 479 1166 crum
496 1105 707 1176 regenerationis
724 1103 825 1172 accepi.
840 1101 930 1171 lorge
943 1113 1002 1155 sum
1014 1095 1122 1168 quidem
1145 1094 1198 1149 iru-

403 1199 569 1270 recureritis
586 1198 644 1269 ejus
659 1215 666 1251 :
680 1195 726 1254 ssd
740 1195 905 1253 cwbtcuret
914 1191 1042 1264 prolrteur
1054 1203 1097 1245 me
1110 1189 1136 1242 in
1148 1187 1199 1244 hau

402 1308 484 1351 eausa
498 1291 564 1346 nihil
575 1290 609 1345 ab
622 1289 675 1346 troc
691 1303 751 1344 meu
765 1293 929 1357 praeceptore
940 1282 1059 1338 differre.
1070 1279 1119 1337 Cui
1129 1278 1200 1336 aluit

403 1383 545 1440 utarrdeas
570 1380 696 1452 prolerre
718 1379 853 1449 Pelagium
876 1383 1067 1446 praeceptorem
1100 1380 1197 1426 tuum:

401 1491 484 1547 qvem
500 1484 587 1529 tumen
602 1488 652 1544 ego
666 1479 759 1528 contra
775 1480 802 1526 tc
813 1468 847 1525 de
860 1466 1003 1525 Ambrosio
1018 1471 1199 1519 tentutestcm

403 1584 506 1626 nutant.
519 1568 642 1638 Pelagius
665 1565 736 1620 cuim
751 1563 828 1628 dixit,
840 1560 912 1632 quud
928 1559 986 1630 ejus
1007 1557 1085 1614 iidem
1105 1563 1133 1611 et
1147 1569 1197 1624 pu-

404 1660 540 1717 rissimum
564 1659 590 1713 iu
614 1655 759 1726 scripturis
777 1667 884 1709 sensiam
906 1666 941 1707 ue
953 1649 1077 1705 iuimicus
1090 1646 1199 1717 quidem

404 1767 488 1809 ausrrs
499 1761 541 1807 est
552 1747 751 1821 reprehendere
766 1744 910 1815 (Pelagius,
925 1743 957 1797 de
970 1739 1060 1794 hibera
1077 1728 1200 1803 Arbitrio,

406 1843 452 1899 tib.
467 1842 506 1915 ὅ).
520 1843 604 1912 Quem
618 1842 657 1896 sic
677 1851 705 1895 tu
719 1839 801 1895 arudes
820 1835 1026 1908 reprehendere,
1043 1840 1071 1887 ut
1082 1831 1153 1903 quod
1164 1831 1201 1886 ait

406 1935 568 1990 discordiam
578 1932 668 1988 caruis
677 1947 725 2001 per
739 1929 981 2001 prevaricationem
996 1926 1073 1995 primi
1084 1923 1200 1979 lrotuinis

401 2026 434 2084 iu
449 2035 569 2080 uosuaun
580 2025 691 2079 vertisse
710 2032 832 2078 rvatnram
849 2018 917 2089 (tib.
931 2018 984 2072 'lia
996 2015 1059 2070 Late.
1071 2031 1121 2081 ιιι,
1134 2014 1169 2071 li
1179 2013 1200 2084 l.

406 2127 434 2174 et
447 2116 575 2188 quidquid
590 2115 661 2171 aliud
675 2113 709 2170 de
719 2113 810 2167 vitiata
822 2127 871 2182 per
883 2110 968 2167 ltdam
979 2118 1072 2164 natura
1086 2106 1200 2162 hunum

406 2210 492 2266 cernit
508 2217 536 2264 ut
551 2208 628 2270 dixit,
637 2204 775 2262 llanichui
798 2204 913 2259 sturnos
933 2217 993 2258 csse
1010 2209 1200 2258 commentum.

407 2301 479 2360 Sane
495 2300 676 2356 testimonium
700 2295 872 2369 praeceptoris
894 2295 931 2350 tui
944 2294 971 2348 in
986 2293 1038 2348 huc
1054 2301 1128 2353 tantu
1145 2290 1202 2345 viro

405 2410 442 2451 cx
473 2402 549 2465 parte
574 2391 710 2456 custodis,
737 2387 809 2460 qrtod
837 2402 898 2453 euru
929 2399 982 2440 nun
1010 2382 1094 2438 audes
1111 2389 1203 2451 aperte

406 2483 608 2557 reprehendere
627 2499 634 2536 ε
650 2480 698 2536 scd
719 2494 780 2538 cum
801 2477 864 2532 mihi
888 2474 1045 2532 nominatim
1068 2470 1202 2527 mirricia-

407 2579 447 2634 ris
471 2578 558 2648 lingua
575 2573 707 2631 melodice
725 2580 753 2629 ct
776 2571 863 2626 lrorrte
880 2578 1018 2639 proterva,
1041 2563 1159 2635 proiectu
1177 2570 1204 2616 et

403 2669 485 2725 illum
502 2677 529 2722 et
547 2667 623 2730 alius,
637 2663 683 2734 qui
705 2662 798 2718 eadem
819 2667 961 2715 sevtscrunt
974 2665 1054 2726 atque
1068 2653 1202 2718 dixerunt,

409 2760 540 2816 &ctesias
553 2757 692 2812 cartlrolieu
709 2768 820 2824 rrtagnos
840 2752 980 2820 clarosque
996 2748 1120 2804 doctores
1130 2752 1205 2801 tinto

409 2850 533 2921 neqrrius,
541 2843 947 2920 quantuobliquirrscrimiuuris.
955 2841 1011 2912 Ego
1020 2840 1107 2910 itaque
1115 2837 1205 2893 adver·

409 2959 457 3000 sus
470 2954 495 2998 tc
509 2953 535 2998 et
547 2955 633 2996 tureamr
646 2938 760 2994 deiende
771 2946 800 2992 et
813 2935 917 2991 illorum
933 2932 1021 2997 iidem,
1036 2945 1104 3000 quus
1118 2929 1204 2999 palam

413 3037 493 3091 times
516 3032 618 3088 hahere
640 3026 773 3094 iuituicos,
794 3035 822 3082 et
837 3025 952 3082 invitus1
974 3022 1073 3094 pateris
1090 3019 1203 3091 judices.

399 3126 489 3182 *Absit
503 3133 590 3179 atvoem
607 3132 634 3177 ιιι
647 3121 716 3192 apud
732 3120 800 3176 tales
815 3118 921 3188 judices
933 3117 1038 3172 valeant
1049 3113 1148 3184 aliquid
1158 3127 1204 3168 ar·

412 3217 629 3290 germinationes
653 3223 716 3278 trite,
739 3210 882 3280 inquibus
902 3217 1011 3279 peccato
1033 3205 1069 3260 illi
1091 3219 1204 3275 magno,

414 3309 466 3365 huc
479 3317 531 3373 est,
553 3303 762 3376 praevaricationi
782 3301 861 3373 primi
876 3297 1003 3363 hominis,
1018 3303 1125 3367 peccota
1142 3310 1207 3350 cun

412 3403 581 3474 cernentium
595 3408 745 3469 temporum
756 3408 906 3464 enutrieras,
922 3399 949 3447 et
963 3399 1041 3462 partas
1061 3390 1085 3444 si
1104 3389 1207 3444 scelere

413 3493 493 3564 primi
510 3491 624 3547 horninis
643 3498 737 3544 natura
752 3486 858 3558 generis
881 3483 990 3538 humani
1011 3488 1112 3537 mutata
1134 3481 1206 3546 est¹,

412 3585 579 3643 etiamnunc
594 3588 735 3651 parentum
754 3576 856 3634 scelera
871 3584 991 3629 naturam
1011 3571 1135 3627 debuisse
1151 3585 1207 3626 mu·

411 3684 472 3731 turc
483 3673 610 3729 itlitrvum.
625 3672 688 3728 llus
701 3670 772 3725 etaim
788 3668 880 3723 diceus
894 3679 948 3720 nou
959 3663 1072 3732 respicis
1085 3669 1207 3732 peccatu·

412 3781 458 3823 res
470 3765 542 3831 illos,
557 3771 729 3834 posteaquam
743 3769 881 3830 peceatum
894 3755 959 3811 illud
971 3754 1207 3826 graudcleccruut,

412 3866 443 3914 ct
464 3856 498 3912 de
523 3853 646 3926 paradiso
665 3867 726 3909 csse
750 3850 885 3913 divisisses,
900 3858 928 3904 et
948 3847 1049 3917 alignu
1061 3845 1121 3900 vitae
1137 3852 1208 3898 tauta

411 3945 559 4005 severitate
577 3942 736 4014 prohibitus.
761 3938 893 4010 Numquid
912 3937 1035 4018 scelerati
1057 3944 1208 4003 turrpurum

413 4039 527 4095 istorum
540 4037 566 4092 iu
580 4035 682 4105 ulirpuas
693 4031 833 4088 inferiores
840 4041 926 4086 terras
936 4023 1210 4099 projiciuntordeuoe

413 4130 482 4187 urhe
494 4139 637 4194 terrarum,
650 4141 711 4181 cum
722 4124 766 4180 hic
778 4124 834 4194 ipsa
842 4121 943 4177 seelera
958 4117 1105 4190 qtrarulibet
1114 4130 1209 4186 magna

394 4255 397 4259 v
413 4221 620 4281 cumntiscrintl
633 4216 767 4287 Numquid
780 4231 795 4268 a
811 4215 882 4285 liguo
895 4212 966 4275 vitae,
981 4207 1052 4282 quud
1064 4209 1089 4263 in
1101 4206 1150 4262 ltac
1161 4207 1211 4261 mi-

413 4314 485 4369 seria
506 4297 608 4367 nullum
622 4320 674 4374 est,
693 4305 889 4376 probibentur?
907 4302 959 4358 Sed
973 4299 1092 4371 persistit
1104 4299 1210 4368 generis

413 4402 527 4459 liumatri
540 4403 614 4457 lucus
624 4410 651 4456 et
663 4399 728 4464 vita,
744 4398 769 4451 iu
785 4395 881 4466 quihus
892 4401 917 4448 et
929 4390 1051 4447 hartuinus
1061 4387 1209 4458 impiissimi

416 4495 531 4549 visum:
546 4507 608 4548 curn
630 4489 768 4545 videamus
790 4487 896 4542 illorum
919 4484 1062 4554 impiorum
1077 4481 1165 4536 locutu
1183 4488 1211 4537 ct

413 4588 511 4652 ritant,
534 4587 603 4642 sicut
615 4592 675 4640 erat
690 4591 752 4637 arrte
766 4587 913 4651 ροοωιιιιιι,
927 4584 987 4648 post
1000 4583 1136 4647 peccatum
1157 4588 1209 4629 nou

416 4677 700 4749 putuissccunsistcre.
716 4673 870 4728 uetuerunt
883 4678 983 4738 auteur,
995 4667 1142 4724 sccrrrrdutu
1150 4666 1210 4736 upi-

416 4771 526 4826 uiuncm
537 4777 661 4832 vestmm,
677 4765 779 4837 parvuli
794 4764 951 4819 rmllorertu
965 4759 1083 4831 ulrligati,
1106 4774 1168 4814 inus
1183 4766 1211 4813 ut

416 4870 574 4927 enecentur,
585 4867 712 4928 unquam
723 4854 894 4913 inuocentcs¹
906 4852 1035 4922 imagines
1044 4850 1091 4905 Dei
1100 4849 1211 4920 perierri

415 4952 573 5024 ultrogotta
588 4955 615 5007 itt
639 4950 790 5022 paradisum
806 4949 864 5013 net,
875 4956 903 5002 et
916 4947 969 5001 illic
980 4946 1038 5001 sinc
1050 4943 1106 5000 ullo
1120 4943 1212 4998 tabere

416 5053 445 5101 ct
454 5044 547 5100 dolore
557 5044 662 5106 nutriri,
674 5051 703 5097 ut
715 5042 737 5096 si
751 5041 810 5112 quis
819 5054 912 5096 eorum
925 5044 1072 5108 peccasset,
1085 5035 1140 5106 ipsc
1151 5035 1212 5090 iudc

416 5136 515 5192 merito
525 5135 710 5206 projiceretur,
725 5149 759 5189 ne
771 5127 1081 5188 cresccrcutiuritatione
1093 5136 1210 5196 peecata.

416 5225 494 5284 lluuc
506 5240 569 5280 vcro
580 5241 644 5282 curn
652 5224 726 5281 solus
739 5220 906 5293 audieritqni
922 5220 948 5275 in
961 5219 1076 5290 paradisi
1088 5218 1212 5275 lelicitate

417 5319 551 5392 pacarit,
568 5318 664 5389 Spirat
676 5326 700 5372 ct
714 5315 898 5372 tribulantem
910 5312 991 5384 periet
1003 5311 1056 5376 tibi,
1077 5309 1212 5366 maledicto

415 5413 444 5468 itt
455 5409 574 5467 maiar
595 5408 713 5480 curibus
735 5408 802 5473 tais3
814 5415 839 5460 et
859 5405 887 5459 in
902 5402 1086 5460 successibus
1098 5402 1135 5456 tui
1155 5402 1213 5456 edet

417 5519 512 5574 ριιιιιιι
523 5510 595 5556 mum
609 5500 731 5556 :nmium
743 5498 879 5553 huminum
892 5494 1036 5551 videmrrn
1049 5508 1126 5563 praru
1137 5493 1213 5548 laho-

414 5595 457 5655 rit
466 5594 603 5662 alienum3
617 5593 663 5664 tpni
684 5591 775 5662 utiquc
790 5591 864 5647 labor
877 5589 970 5645 heatus
983 5586 1146 5643 hahitatures
1167 5600 1213 5655 pa-

419 5688 502 5747 radisi
515 5703 567 5745 nun
580 5680 822 5757 crat'graraturus.
842 5682 877 5739 Et
889 5696 952 5739 cunr
961 5680 1023 5741 noh
1042 5678 1138 5741 mulier
1155 5678 1213 5748 cius

418 5778 551 5842 muria,
578 5777 612 5832 ln
624 5778 728 5833 tristitia
743 5775 826 5846 maier
846 5774 912 5830 ilius
935 5769 1011 5844 (der.
1033 5787 1071 5837 ιιι,
1098 5768 1212 5836 tutam

419 5872 519 5929 unllam
532 5871 690 5942 parientium
702 5868 736 5924 ab
746 5868 797 5924 lrue
810 5867 939 5940 supplicio
949 5866 1212 5920 scimusimmunem.

419 5960 554 6033 Nrrmquid
574 5976 639 6034 ergo
660 5962 696 6016 ita
714 5959 780 6016 estis
803 5957 923 6018 absurdi.
942 5964 1027 6011 ritant
1051 5957 1076 6009 iu
1091 5952 1213 6025 paradise

453 6076 462 6108 ¹
480 6073 549 6134 idid,
559 6073 669 6126 htcictm
682 6074 832 6136 castigantur
841 6083 874 6120 cx
888 6077 940 6119 tm

452 6137 464 6171 ι
483 6137 726 6192 summissior..
740 6131 873 6184 minam.

453 6198 466 6232 ³
480 6199 522 6249 uic
531 6199 675 6250 mursam
685 6203 739 6247 ttae
750 6194 869 6254 mnus.
878 6191 1021 6243 mantes

1100 703 1200 767 [lunii
1221 689 1356 753 scitus

1978 703 2046 760 lisso

1250 834 1408 896 uhtimtis
1424 833 1544 893 lrunvines
1557 834 1621 893 istas
1632 851 1767 894 ¹urrrtunas
1779 834 1862 893 inisse
1879 852 2004 907 passuum
2016 842 2038 894 si

1250 941 1332 985 mnu
1357 936 1505 997 peccasset,
1528 941 1595 996 quus
1614 925 1861 984 nrauilcstissimum
1885 936 1936 993 eat,
1958 927 2044 984 ὓειιιιι

1250 1015 1356 1073 nonnisi
1370 1016 1617 1087 prevaricatoribus
1629 1015 1682 1070 illis
1695 1025 1758 1070 tuuc
1771 1015 1924 1072 homiuibus
1937 1017 2045 1074 intulis-

1250 1120 1295 1173 su;
1305 1116 1351 1163 aut
1361 1122 1431 1162 rrurrc
1442 1121 1489 1162 cas
1498 1106 1600 1177 rregctis
1613 1120 1706 1164 corum
1715 1116 1837 1178 posteros
1850 1109 1950 1178 perpeti
1966 1124 2046 1179 para-

1250 1197 1302 1253 disi
1317 1199 1435 1264 exsules,
1449 1207 1476 1252 et
1490 1197 1587 1267 ubique
1601 1207 1730 1252 terrarum
1745 1205 1784 1252 tut
1794 1206 1917 1252 ettantos
1926 1201 2047 1256 anisceias

1251 1290 1437 1366 perferentem
1458 1299 1504 1346 aut
1518 1289 1613 1348 dicturi
1629 1290 1704 1356 ostis,
1717 1298 1817 1361 quantu
1831 1291 1916 1363 magis
1933 1292 2047 1363 quisquc

1250 1393 1292 1440 est
1305 1390 1470 1454 percuteret
1484 1381 1593 1452 impius,
1608 1389 1682 1436 tantu
1693 1381 1778 1451 magis
1788 1381 1847 1452 ejus
1859 1396 1939 1453 agros
1951 1398 2047 1452 parcre

1250 1476 1342 1545 spritus
1356 1484 1383 1531 et
1396 1473 1519 1540 tribulus,
1533 1480 1562 1528 et
1574 1481 1649 1529 tanto
1661 1475 1746 1544 magis
1759 1489 1820 1529 eum
1835 1473 1932 1529 sudare
1947 1474 2045 1531 labori-

1252 1567 1318 1630 lru.÷;
1331 1575 1359 1622 et
1369 1575 1519 1637 quarrtocst
1531 1581 1643 1636 quaeque
1654 1565 1749 1622 mulier
1762 1565 1888 1637 iniquior,
1903 1575 1976 1623 tanto
1985 1582 2046 1624 carn

1252 1658 1402 1729 parientem
1416 1656 1525 1712 dolores
1540 1659 1641 1727 perpeti
1652 1656 1808 1727 graviores?
1826 1657 1901 1715 Sicut
1911 1672 1974 1728 ergo
1988 1673 2047 1728 ptu-

1252 1764 1295 1804 nu
1310 1748 1487 1803 hrrnranarum
1499 1747 1680 1815 miseriarum,
1693 1762 1760 1818 quas
1772 1748 1950 1804 euvtrnruniter
1961 1748 2049 1820 perte·

1252 1847 1316 1894 ruut
1329 1837 1377 1893 lrlii
1387 1837 1473 1892 tldatn
1486 1853 1502 1893 a
1513 1836 1559 1895 dic
1572 1839 1661 1895 exitus
1673 1837 1708 1894 de
1731 1849 1825 1895 vctttrc
1838 1839 1931 1894 matris
1941 1853 2047 1909 corum,

1253 1929 1313 1987 idco
1324 1929 1525 1998 santumnium,
1540 1929 1602 2001 quia
1614 1938 1737 2000 parentes
1750 1944 1907 1985 currimuucs
1919 1938 1981 1987 suut
1990 1943 2048 1987 uttr-

1253 2027 1337 2091 nimn,
1352 2026 1514 2098 dequururu
1537 2025 1755 2097 prevaricatione
1774 2025 1825 2081 ista
1845 2034 1997 2081 venerante
2013 2026 2047 2079 ita

1253 2118 1372 2191 ipsorum
1387 2118 1502 2177 duorum
1513 2118 1696 2190 prevaricatio
1710 2128 1762 2173 tatu
1776 2133 1900 2189 magmuu
1911 2124 2048 2189 peccatum

1253 2210 1334 2267 dehet
1354 2210 1477 2282 intelligi,
1490 2220 1520 2267 ut
1532 2219 1624 2284 posset
1636 2209 1756 2266 omnium
1779 2224 1812 2264 er
1827 2209 1884 2264 viro
1898 2217 1925 2264 et
1937 2208 2049 2267 muliero

1253 2301 1423 2358 nascentium
1437 2302 1464 2355 in
1478 2299 1596 2356 deterius
1609 2306 1712 2356 mutare
1725 2309 1857 2366 araturam,
1873 2311 1901 2356 et
1912 2302 2048 2357 cornnmni

1255 2401 1331 2454 reatu
1345 2401 1471 2463 tanquam
1491 2389 1656 2447 hereditarii
1678 2389 1760 2447 dehiti
1779 2389 1898 2460 obligare
1911 2388 2049 2461 chirogra-

1254 2481 1349 2552 phum.
1364 2481 1490 2552 erisqois
1510 2496 1575 2551 ergo
1599 2479 1665 2536 dicit
1687 2480 1766 2536 talem
1788 2479 1967 2537 conditionem
1980 2495 2050 2552 quu-

1255 2575 1381 2637 rumlihct
1400 2573 1651 2643 delictorumque
1667 2587 1738 2627 nuuc
1757 2573 1972 2641 committuntur,
1990 2587 2050 2628 essa

1254 2665 1392 2730 deinum,
1417 2664 1504 2735 qualis
1526 2662 1574 2718 luit
1595 2662 1713 2719 conditio
1731 2661 1823 2719 delicti
1843 2662 1924 2730 illius,
1937 2663 2008 2733 qnod
2023 2662 2049 2718 iu

1257 2760 1328 2815 illius
1340 2758 1402 2814 ritae
1417 2765 1489 2812 mitta
1501 2756 1638 2823 lelititate,
1649 2765 1676 2813 et
1689 2764 1761 2811 tauta
1776 2770 1829 2810 nun
1845 2754 1971 2825 pecearvdi
1985 2754 2050 2811 laei-

1256 2850 1332 2908 iiurte
1344 2850 1519 2907 commissum
1537 2856 1598 2914 est;
1618 2848 1698 2903 etiarn
1719 2847 1791 2918 ipen
1804 2845 1872 2902 duas
1888 2846 1955 2901 vitas
1973 2845 2053 2901 dehet

1257 2957 1374 3012 aequare,
1390 2956 1449 2996 earn
1463 2941 1565 2996 scilicet
1579 2955 1639 3009 quas
1651 2952 1723 2995 urruc
1734 2937 1832 3010 agitur,
1843 2946 1871 2994 et
1881 2952 1941 2992 eanr
1951 2952 2011 3010 quac
2026 2937 2051 2992 iu

1257 3032 1312 3089 illis
1323 3032 1423 3088 unctis
1444 3041 1471 3086 et
1490 3030 1576 3086 beatis
1588 3029 1692 3086 deliciis
1706 3028 1841 3100 agebatur.
1856 3026 1932 3098 Quod
1947 3027 1970 3085 si
1992 3043 2053 3084 essu

1257 3126 1459 3182 stolidissimum
1480 3125 1584 3190 cernis;
1608 3123 1702 3180 desine
1716 3122 1750 3179 de
1774 3123 1891 3194 pcccatis
1912 3123 2052 3194 marcatis

1257 3218 1349 3276 &cuculi
1361 3217 1430 3273 velle
1443 3217 1626 3287 proscribere,
1642 3231 1677 3272 ue
1690 3214 1754 3271 illud
1770 3231 1894 3286 magnum
1911 3225 2048 3287 peccatum

1259 3309 1357 3367 haheat
1370 3324 1445 3365 suant
1459 3309 1512 3363 vivo
1525 3316 1553 3363 ct
1564 3323 1640 3363 suum
1658 3306 1782 3363 turritum
1793 3306 1938 3377 siugvrlarc.
1951 3302 2051 3375 'Quatt-

1258 3416 1338 3472 quam
1350 3410 1379 3456 ct
1391 3401 1417 3456 iu
1430 3399 1481 3457 huc
1491 3400 1542 3454 vitu
1550 3399 1720 3468 omnipotens
1733 3397 1856 3468 otiosius
1866 3398 1910 3454 illu
1921 3399 1965 3468 qui
1977 3397 2052 3464 dicit,

1260 3493 1376 3548 Reddam
1390 3502 1492 3564 peccato
1504 3500 1605 3562 pultum
1617 3491 1642 3545 iu
1654 3490 1721 3559 filios
1731 3488 1830 3561 (Enati.
1845 3505 1890 3552 xx.
1904 3489 1945 3560 b),
1959 3504 2054 3560 parcor-

1260 3596 1319 3644 tum
1344 3595 1420 3642 reatu
1446 3585 1526 3641 etiam
1555 3591 1678 3653 posteros
1704 3581 1803 3642 irretiri
1827 3581 1893 3636 sads
1916 3580 2054 3638 evidenter

1260 3677 1389 3744 ostendit,
1403 3685 1432 3733 ct
1445 3675 1567 3746 quamuis
1587 3674 1692 3728 mitiore
1703 3687 1785 3741 nese,
1807 3679 1896 3729 umen
1915 3671 2055 3728 haeredita·

1260 3770 1316 3827 rius
1329 3769 1466 3825 debitores
1481 3765 1548 3832 lteri,
1563 3765 1613 3820 nisi
1625 3780 1683 3831 eos,
1694 3762 1825 3834 sicutjam
1835 3762 1860 3818 in
1873 3762 2055 3834 sttpmiuriluts

1261 3860 1341 3930 hujus
1355 3859 1444 3930 operis
1459 3856 1581 3929 pat-tibus
1594 3853 1800 3924 disputavimus,
1822 3852 1960 3909 avitaculo
1983 3853 2055 3908 illius

1261 3949 1406 4023 proverbii,
1416 3947 1487 4020 quod
1497 3946 1549 4002 dici
1563 3946 1643 4012 solet,
1661 3944 1750 4000 Patres
1760 3943 1972 4000 manducarem
1981 3959 2056 3998 uuam

1261 4042 1388 4106 acerbum,
1404 4049 1426 4094 st
1437 4038 1523 4095 deuter
1535 4036 1649 4108 piliurmu
1662 4037 1844 4106 obstupuerunt
1860 4034 1967 4109 (lorcam
1979 4051 2054 4100 suut,

1262 4133 1321 4205 99),
1337 4147 1390 4188 nun
1401 4140 1520 4186 vestrum
1530 4138 1727 4198 argumentum,
1737 4126 1784 4182 sed
1796 4141 1894 4182 novum
1905 4126 2057 4185 Testamen-

1263 4236 1329 4293 tum,
1343 4240 1395 4284 neu
1405 4224 1585 4297 generationis
1598 4230 1702 4287 tutiora,
1717 4219 1764 4275 setl
1778 4219 1862 4290 gratia
1877 4218 2057 4289 regeneratio-

1264 4321 1306 4376 nis
1319 4319 1452 4374 absolvat.
1470 4314 1593 4373 Dclrritiu
1608 4329 1672 4368 vcro
1684 4312 1728 4366 illa
1746 4311 1859 4382 peccati,
1875 4310 1919 4367 uhi
1935 4309 2057 4380 intelligi-

1263 4420 1307 4470 tur
1329 4410 1454 4468 voluntas
1479 4416 1610 4478 appetens
1628 4404 1700 4475 quud
1719 4402 1822 4474 iustitia
1842 4412 1924 4471 rotat,
1942 4412 1969 4458 et
1985 4403 2057 4460 uude

1264 4503 1379 4558 liberum
1398 4509 1441 4557 est
1461 4498 1608 4563 abstinere,
1634 4496 1705 4552 illius
1731 4493 1835 4564 peccati
1856 4492 1977 4549 delinitio
2002 4504 2055 4559 est,

1263 4592 1335 4666 quud
1345 4590 1531 4647 tautummodo
1544 4596 1682 4660 peceatum
1693 4593 1744 4653 est,
1757 4599 1811 4640 nun
1822 4584 1893 4656 quud
1904 4584 1985 4641 ctiam
2000 4599 2058 4654 pur·

1264 4703 1297 4743 na
1317 4685 1419 4756 merati
1438 4701 1445 4740 :
1465 4681 1538 4755 qvod
1566 4680 1659 4737 neseio
1683 4679 1788 4750 quoties
1805 4677 1852 4733 tihi
1873 4677 1929 4748 janu
1952 4675 1986 4733 ad
2007 4678 2056 4732 ista

1264 4793 1425 4850 resvmmum
1445 4786 1497 4832 cst.
1512 4775 1562 4844 Qui
1578 4774 1650 4828 euim
1671 4771 1747 4837 dicit,
1761 4768 1900 4838 lt'anqserl
1919 4768 1986 4835 volu,
2010 4768 2057 4823 be-

1265 4887 1327 4926 nurt
1340 4870 1408 4943 inde
1416 4885 1426 4933 ς
1440 4867 1485 4923 sed
1499 4865 1567 4937 quud
1587 4863 1646 4918 nelo
1659 4863 1766 4929 ndum,
1780 4861 1828 4918 ltus
1844 4878 1893 4932 ogo
1906 4859 1996 4933 (Ruta.
2009 4876 2057 4926 vn,

1265 4961 1311 5033 l'u')
1325 4977 1332 5025 ;
1348 4974 1401 5016 nun
1417 4958 1455 5013 illi
1468 4956 1504 5012 ah
1525 4957 1575 5009 lroc
1588 4955 1661 5009 malo
1677 4953 1790 5009 liberum
1809 4960 1852 5009 est
1873 4953 2019 5019 abnuere,
2032 4963 2059 5008 et

1264 5050 1326 5107 idco
1338 5051 1444 5106 invocat
1456 5046 1638 5112 liberatorem,
1651 5044 1713 5115 qtvia
1726 5041 1840 5114 pcrtlidit
1852 5042 2012 5100 liltcrtutctu.

1301 5143 1384 5200 llllll.
1397 5142 1457 5200 luc.
1469 5141 1755 5211 Tempusadmunetnt
1766 5139 1860 5196 adalia
1870 5149 2039 5196 transeamus
2051 5161 2058 5194 z

1265 5235 1314 5292 scd
1329 5237 1356 5291 iu
1370 5233 1465 5289 cudetn
1477 5233 1535 5287 loeo
1549 5239 1652 5291 restare
1672 5229 1774 5302 aliquid
1786 5229 1969 5301 indignatione
1981 5248 2059 5288 tatu-

1266 5326 1361 5399 pellor.
1373 5324 1449 5381 Tune
1462 5323 1561 5380 audeas
1572 5324 1663 5382 dicere
1674 5323 1760 5379 ddum
1771 5323 1906 5379 uoluntate
1916 5326 2062 5396 morasse?

1267 5420 1343 5479 Unde
1358 5419 1405 5473 tihi
1419 5417 1493 5475 vetut
1504 5415 1556 5472 hoc
1569 5413 1722 5473 suruuiuntl
1736 5413 1803 5482 Quia
1816 5415 1944 5485 iniquum,
1960 5416 2060 5489 itrqtris,

1265 5521 1335 5577 erat,
1350 5519 1381 5568 ut
1402 5509 1546 5580 imprurrt
1567 5507 1596 5563 in
1624 5515 1762 5577 peccatum
1791 5505 1872 5574 heus,
1897 5508 1947 5565 uisi
1968 5523 1985 5563 a
2007 5524 2061 5578 quar

1265 5604 1403 5663 abstinent
1420 5602 1534 5659 liberunt
1548 5608 1650 5657 vrotsct.
1664 5597 1732 5666 Quid
1741 5599 1827 5670 ergol
1848 5597 1918 5655 hanc
1929 5597 2059 5668 iustitiam

1267 5696 1312 5754 illc
1324 5690 1449 5766 pritucps
1463 5692 1632 5750 tenchruum
1641 5688 1833 5763 muculitls,
1846 5689 1880 5746 ad
1893 5698 2060 5747 maternum

1265 5789 1292 5846 ei
1317 5787 1533 5850 crediderunat
1557 5799 1617 5841 caut
1644 5783 1801 5855 propediem
1824 5795 1971 5852 reposccm
1991 5780 2062 5837 ltuuc

1269 5883 1352 5938 licum
1366 5880 1439 5934 nurui
1461 5877 1586 5946 equitate
1607 5876 1740 5943 destituit,
1756 5873 1841 5946 utqui
1854 5871 2024 5931 intellexerat
2045 5889 2060 5928 a

1268 5972 1417 6045 primordio
1430 5984 1483 6025 nun
1509 5984 1568 6027 essu
1592 5967 1777 6039 imputandum
1801 5963 1827 6018 in
1843 5973 1993 6034 peccatur.
2010 5964 2060 6019 nisi

1269 6065 1340 6120 vrrrdc
1360 6065 1472 6118 liberum
1496 6058 1583 6116 tuest
1602 6061 1748 6122 chairicus,
1760 6070 1809 6126 put
1828 6068 1910 6111 umue
1928 6057 2062 6126 reliquum

1271 6151 1507 6227 leoqusacunctis
1518 6149 1687 6208 irascentibus
1694 6145 1938 6207 uuvcrituhstiners
1948 6147 2068 6222 lihccum
