4900 6892
408 718 478 781 {aab

407 838 608 913 ‹quatuordocfm
619 835 944 908 episcoposoricntnles,a
959 834 1056 905 quibus
1066 832 1200 904 judivibus

406 930 574 996 audiebatur,
589 925 767 983 damnationis
781 941 835 982 suae
850 927 944 980 titulare
957 925 1096 980 daturmret
1109 925 1158 994 (a).
1171 921 1200 977 in

407 1020 569 1093 qirojndieto
581 1016 702 1090 profectu
715 1017 794 1072 ctiam
815 1025 842 1071 tu
866 1018 922 1086 ipse
940 1016 1079 1071 damnatos
1101 1030 1139 1073 es,
1155 1014 1200 1084 qni

404 1112 472 1169 dicis
486 1111 569 1168 tuan
584 1113 618 1166 ita
631 1111 739 1177 factum,
752 1118 781 1165 ui
793 1112 849 1166 sive
861 1121 991 1180 peccaret,
1006 1109 1062 1165 sire
1078 1124 1128 1162 nrm
1138 1123 1201 1177 pcc-

405 1188 646 1270 raret,'moriiuros
655 1212 726 1259 esset
736 1221 743 1259 :
755 1202 939 1258 cotrtratliccus
954 1202 1079 1270 :ipostolu
1090 1198 1198 1265 direnti,

406 1293 504 1366 Corpus
517 1303 643 1348 nrurtnnm
659 1304 694 1349 est
709 1306 811 1363 propter
824 1303 952 1364 perentam
966 1292 1054 1359 (liuius.
1069 1307 1125 1349 ιιιι,
1144 1288 1198 1359 to).

406 1384 499 1451 Ptarrn,
514 1385 602 1439 sitnm
626 1384 793 1454 procedente
816 1392 923 1452 peccam
939 1382 1064 1434 muritma
1086 1380 1127 1435 illa
1147 1394 1199 1434 uou

405 1462 481 1530 orarit
495 1490 617 1544 corpora,
630 1476 722 1544 ntique
735 1489 784 1529 nee
798 1473 979 1543 corruptibilia
991 1470 1076 1539 erant,
1091 1487 1124 1524 ue
1138 1472 1201 1527 hra-

407 1579 446 1621 tas
456 1567 559 1624 arrianas
568 1567 625 1621 iilos
634 1574 805 1637 aggravarent
818 1583 824 1620 :
835 1564 934 1634 Corpus
947 1565 1011 1617 urim
1026 1562 1199 1632 corruptibile,

405 1661 472 1714 sicut
484 1659 612 1729 seriptum
628 1668 679 1723 cst,
689 1666 809 1728 ngqruuut
821 1658 931 1710 unionum
948 1653 1024 1726 (Sep.
1038 1670 1074 1718 rx,
1092 1652 1146 1723 ta).
1162 1654 1201 1708 dc

407 1767 454 1818 per
466 1749 528 1816 ltoc,
543 1748 767 1822 quemadmodum
780 1764 854 1803 mors
867 1758 946 1817 atque
958 1748 1093 1816 corruptio
1107 1745 1200 1801 bellui-

409 1842 450 1895 nis
464 1841 640 1912 humanisque
659 1840 815 1909 corporibus
835 1839 920 1909 putuit
938 1854 990 1892 non
1003 1852 1063 1892 esse
1077 1852 1201 1894 coturno·

406 1934 458 1998 uis,
470 1931 591 2003 quamuis
610 1932 760 1987 eutumunis
777 1931 816 1985 cis
836 1938 908 1985 esset
926 1940 1031 1985 terrem
1050 1929 1198 1983 materies:

406 2026 441 2080 ita
458 2026 542 2096 potuit
557 2040 606 2081 nee
630 2025 655 2080 in
682 2023 859 2094 propagandis
886 2021 947 2076 liliis
973 2022 1012 2076 eis
1037 2035 1097 2076 esse
1118 2020 1200 2076 libido

405 2117 572 2184 commuuis;
584 2116 631 2172 sed
643 2126 689 2172 atu
700 2114 770 2171 nulla
781 2117 807 2169 in
821 2114 982 2182 ltuutinihus,
990 2125 1020 2169 ut
1032 2113 1202 2185 quemadmo-

399 2191 468 2264 dum
481 2207 539 2261 allis
553 2207 683 2261 rrternbris
701 2206 734 2260 ad
752 2220 834 2276 opera
857 2220 984 2274 congruo,
1013 2204 1052 2258 sie
1074 2202 1107 2258 ad
1132 2216 1201 2274 epus

406 2296 550 2367 generandi
559 2295 779 2351 volontatemutis
789 2295 869 2350 etium
879 2293 1037 2365 genitalibus
1045 2296 1199 2362 uterentur3

405 2396 451 2442 ιιιιι
465 2403 517 2443 nou
529 2387 589 2442 talis
603 2387 691 2459 qualis
706 2389 732 2442 in
746 2387 848 2452 bestiis,
862 2387 909 2441 sed
920 2386 951 2440 ad
964 2393 1057 2440 nutum
1068 2386 1199 2453 serviens,

407 2489 435 2535 et
450 2494 584 2550 uunquam
599 2488 716 2535 meatem
732 2493 747 2534 a
764 2477 933 2548 cogitationis
951 2477 1049 2548 uigilia,
1072 2489 1122 2531 uec
1142 2474 1200 2545 ipsa

405 2578 540 2640 postremo
558 2570 567 2602 ¹
587 2570 722 2640 voluptate
735 2567 883 2639 deponens.
898 2567 975 2623 Nunc
987 2577 1075 2622 alutem
1097 2580 1200 2636 praeee-

406 2660 487 2717 dente
499 2672 619 2732 peccatu,
633 2676 686 2732 qttu
696 2660 811 2715 bumana
822 2661 849 2715 iu
862 2659 979 2716 deterius
995 2670 1086 2715 nutura
1100 2668 1199 2715 mutata

404 2760 456 2819 est,
469 2751 536 2808 iacta
553 2761 615 2807 sunt
635 2753 659 2808 ei
677 2752 804 2823 poenalia,
820 2766 879 2824 qum
895 2760 958 2809 ιιιιιι
976 2761 1077 2807 tratura
1096 2751 1200 2822 peeoris

404 2858 520 2914 currgroa
542 2860 549 2896 ι
571 2842 618 2898 sed
645 2844 671 2899 in
696 2843 747 2898 bue
765 2844 845 2908 malo,
871 2857 925 2914 qito
948 2856 1012 2902 caro
1037 2841 1201 2912 concupiscit

406 2934 535 2990 aduersus
554 2933 688 3002 spiritum,
710 2933 796 3005 major
819 2933 929 3004 pudoris
954 2942 995 2988 est
1016 2948 1105 2996 cansa,
1128 2930 1199 3003 quand

405 3026 476 3083 iuter
487 3025 550 3089 duo,
566 3038 679 3094 quonum
692 3023 725 3078 ad
740 3033 858 3079 nostram
872 3024 987 3093 pertinet
999 3033 1141 3095 utrumque
1151 3037 1199 3077 na·

405 3126 541 3179 turam,et
555 3130 667 3186 quorum
693 3116 824 3186 imperare
843 3131 936 3180 titium,
964 3116 1065 3171 servire
1086 3116 1199 3172 alterum

404 3207 494 3273 debet,
508 3216 600 3262 exorta
615 3216 656 3262 est
669 3222 722 3261 nun
735 3206 849 3261 dolenda
864 3215 987 3271 motum,
1007 3220 1099 3261 oenum
1119 3206 1199 3262 ctiam

404 3301 517 3356 niulfum
532 3300 713 3355 crubescenda
734 3298 877 3354 discordia.
898 3297 966 3367 Quid
982 3298 1060 3369 igliur
1075 3299 1121 3354 tibi
1135 3314 1199 3370 pro·

405 3391 512 3446 luerunt
525 3390 558 3444 ad
572 3404 630 3445 rem
643 3404 695 3444 non
707 3388 866 3459 pertinentia
879 3399 1024 3444 colurneam
1036 3389 1133 3444 auxilia
1146 3389 1199 3462 Cy·

404 3481 543 3544 nieorum:
559 3479 773 3552 qrranduqnidcm
791 3488 819 3535 te
836 3480 865 3535 in
878 3478 929 3534 bac
948 3479 984 3534 tui
1001 3481 1101 3535 erroris
1113 3479 1199 3536 riade

403 3572 446 3628 sia
458 3571 638 3637 deiicientem,
655 3586 705 3626 noc
724 3584 755 3626 ea
776 3585 836 3641 quae
856 3568 1008 3634 huminibus
1027 3570 1198 3642 comparasti,

402 3663 522 3736 firmenta
537 3660 806 3733 jutuarepntueruot?

439 3750 533 3807 itLtt.
553 3750 613 3809 iot.
633 3751 751 3820 'lempus
772 3749 900 3805 admonet
916 3744 992 3807 ut'ad
1009 3751 1059 3806 alia
1078 3760 1198 3807 transca-

404 3858 465 3899 mus
479 3859 487 3898 a
500 3842 547 3898 sed
562 3842 689 3912 qnoniam
701 3850 804 3897 cerium
817 3849 874 3908 est,
889 3841 955 3896 ιιιιιιι
972 3851 997 3897 tc
1016 3841 1116 3898 habere
1128 3841 1198 3912 qttud

404 3933 526 3991 vendites
541 3933 672 4004 imperitis
686 3933 794 3987 auribus
808 3941 905 4003 practer
916 3932 1104 3988 uerecundiam
1120 3944 1198 3989 natut-

404 4022 499 4079 raliom
512 4039 519 4090 ;
533 4036 612 4094 quam
625 4021 781 4079 breuissime
791 4031 894 4093 putero,
905 4021 976 4093 quod
985 4031 1092 4093 putatur
1101 4038 1198 4094 supcr-

407 4129 484 4182 esse,
504 4113 666 4184 cunningam.
679 4112 745 4182 Quis
755 4128 819 4184 ergo
835 4122 922 4184 neget,
938 4114 1103 4169 honestatem
1117 4115 1197 4184 hauc,

405 4221 456 4276 qna
467 4206 592 4277 genitalia
608 4212 699 4260 austra
714 4205 892 4276 contegimus,
908 4219 957 4275 pru
974 4205 1104 4274 personis,
1121 4205 1197 4274 locis,

404 4296 500 4352 ciliciis
514 4296 687 4368 moribusque
701 4297 814 4353 uariari?
826 4296 871 4352 Sic
886 4297 912 4351 iu
932 4297 1125 4354 cunt-euticuiis
1146 4312 1197 4368 pu-

404 4390 481 4445 blicis
495 4389 637 4447 obscenior
650 4389 766 4453 ariditas,
793 4389 860 4445 nibil
883 4389 962 4444 babet
981 4389 1152 4459 turpitudinis
1171 4390 1197 4445 itt

404 4480 527 4536 lavacris.
541 4481 587 4536 Sic
597 4480 666 4536 alter
678 4490 718 4535 est
730 4480 890 4536 cubicularis
907 4479 1028 4546 babitus,
1042 4478 1198 4535 seminudus

404 4581 431 4625 et
443 4585 570 4638 metrum
584 4571 652 4626 aiter
661 4584 724 4625 reru
734 4570 858 4636 forensis,
868 4570 1007 4626 sollicitior
1016 4581 1044 4627 et
1053 4571 1196 4641 profusior.

405 4660 485 4730 Quid,
497 4660 569 4732 qoud
583 4661 617 4720 ad
631 4661 813 4717 testimouium
831 4661 925 4717 crehru
938 4660 1135 4729 familiaritatis,
1151 4678 1197 4718 re·

403 4752 481 4822 spicit
491 4753 649 4824 negligentia
669 4752 812 4821 edictionis,
840 4760 867 4808 et
889 4761 988 4824 quantu
1013 4770 1126 4824 persona
1152 4766 1198 4813 ant

404 4843 518 4913 ignotior
532 4852 578 4898 aut
592 4844 747 4901 honoratior
760 4843 883 4911 adfuerit,
899 4854 973 4900 tantu
984 4845 1136 4917 diligentior
1147 4846 1197 4903 lua·

402 4932 475 4988 bitus
486 4935 673 5003 eumparatorl
687 4935 764 5009 Quid,
776 4935 846 5008 quud
857 4937 944 4991 rraurtis
954 4947 981 4992 et
991 4936 1130 5008 opificibus
1141 4939 1198 5010 ple·

405 5024 495 5091 risque
510 5037 588 5076 tremo
604 5025 667 5079 uitio
680 5025 825 5081 comitatem
841 5025 932 5080 dediti
952 5029 990 5083 do
1004 5043 1037 5082 ne
1055 5029 1105 5084 ista
1130 5031 1196 5085 sim·

403 5114 507 5184 plicitas
532 5114 653 5185 personis
675 5116 758 5186 magis
783 5131 862 5186 qurum
889 5119 1001 5187 negotiis
1027 5121 1194 5192 imputetur,

406 5221 481 5262 nrore
498 5207 616 5262 omnnium
630 5208 711 5268 etiam
729 5207 824 5262 Petrtrs
838 5210 981 5277 apostolus,
995 5218 1094 5282 etpost
1108 5228 1198 5269 resur.

404 5299 549 5354 rectionem
562 5300 664 5355 bomini
679 5300 799 5356 aridosin
810 5298 915 5370 navigio
925 5302 935 5334 ⁸
946 5302 1097 5370 piscabatur
1106 5304 1194 5377 (tuan.

405 5403 462 5452 ast,
475 5388 514 5457 i).
528 5388 616 5459 Dirige
631 5390 694 5444 itirrc
712 5391 805 5445 ocolus
820 5390 852 5444 ad
868 5391 1045 5448 urredicantom
1060 5410 1170 5451 instruet-s
1187 5415 1194 5452 :

404 5478 504 5532 ducrmt
517 5487 601 5533 artem
614 5480 702 5544 studio
716 5481 809 5541 salotis
821 5483 846 5536 iu
860 5480 934 5537 luem
947 5484 1064 5553 pudoris.
1081 5487 1196 5544 Athletis

404 5567 601 5624 rrrrditasetiam
615 5569 778 5628 decernent.
801 5572 859 5627 iana
883 5586 947 5628 seru
962 5589 1014 5629 trun
1029 5576 1115 5630 solum
1130 5578 1195 5631 ιιιο-

404 5659 568 5726 insecutulis,
579 5666 606 5714 et
619 5660 748 5730 petulanti
761 5662 811 5716 sibi
824 5663 953 5720 societate
972 5663 1135 5735 currjouctis,
1145 5668 1194 5723 sed

403 5753 483 5807 etiam
494 5752 965 5824 totisquibosdamgentibusuterque
976 5772 1055 5811 sextis
1067 5768 1192 5827 retectos,

402 5854 429 5897 ct
449 5845 507 5900 sine
524 5844 620 5900 sorceti
631 5851 673 5898 est
687 5844 817 5901 cinctione
839 5848 1003 5902 constructio.
1019 5847 1087 5917 Quid
1102 5859 1192 5906 ιιιιιιιι

435 5957 559 6026 'sicum
571 5965 599 6008 nt
611 5955 678 6028 oliti.
691 5962 818 6021 ιιοιιιιιιιι.

402 6019 540 6134 azgad„
555 6021 634 6070 nodus
644 6019 799 6083 nascimur,
810 6023 908 6083 oodsso,
920 6021 1067 6090 bannuiqie:
1078 6029 1141 6090 qum
1156 6039 1193 6080 est

434 6142 471 6203 in)
487 6141 544 6199 bide
555 6154 636 6210 etqua,
653 6145 684 6194 tle
696 6146 773 6196 costis
783 6143 880 6217 rei-ugit,
893 6161 933 6199 uu.
947 6147 984 6209 Ξι,
994 6151 1033 6210 bi,
1043 6150 1078 6202 fu.

744 722 865 778 uotiuis·
886 717 1090 777 tutotutoctt
1111 714 1248 772 cottiis
1269 713 1449 782 JULhiNL'ii,
1470 717 1500 775 S.
1520 715 1704 776 aucusittt

1981 721 2051 785 iiiii

1257 828 1364 894 mirum,
1380 829 1401 885 si
1413 829 1439 885 id
1451 830 1545 887 Scotos
1555 831 1756 903 vicinarumque
1773 834 1894 905 gentium
1914 835 2051 893 barbaries

1254 931 1332 992 agat;
1346 938 1407 977 eoru
1427 933 1454 978 et
1468 923 1633 996 philosophia
1647 969 1654 990 ,
1670 928 1746 995 coitis
1759 941 1839 997 supra
1853 941 2051 986 commemore-

1256 1015 1353 1070 tionem
1369 1014 1481 1071 fecimus
1507 1017 1576 1071 idem
1599 1020 1744 1081 censuerit,
1767 1029 1794 1073 et
1820 1018 2050 1078 'traducianorum

1254 1105 1307 1162 ltuc
1318 1106 1414 1180 dogma
1434 1109 1603 1178 perverterit?
1625 1108 1689 1178 Quae
1709 1125 1774 1181 ergo
1791 1109 1899 1180 pudoris
1915 1111 2050 1169 tenebitur

1254 1199 1398 1271 qutautitas,
1422 1200 1501 1271 quiue
1528 1201 1604 1256 limes
1629 1202 1758 1256 intertui
1782 1203 1841 1271 ejus
1866 1201 2047 1270 diversitates,

1254 1299 1333 1361 atque
1344 1293 1413 1347 iuter
1423 1301 1525 1362 ereptus
1539 1294 1633 1362 partim
1647 1294 1829 1357 necessarius,
1851 1295 1947 1362 partim
1962 1295 2050 1350 socie·

1255 1389 1308 1436 tate
1320 1382 1455 1452 defensus,
1469 1399 1605 1454 perquem
1616 1384 1701 1453 possit
1721 1383 1823 1448 duceri,
1841 1384 1978 1440 diabolum
2005 1401 2050 1442 oa·

1255 1473 1366 1528 turalem
1377 1473 1500 1530 ardorem
1515 1473 1624 1530 sexibus
1638 1473 1795 1529 miscuisse?
1809 1477 1847 1528 rie
1872 1489 1920 1545 per
1947 1474 2008 1538 huc.
2023 1485 2050 1532 ut

1254 1563 1405 1634 prnstdtnn
1419 1565 1551 1635 opinionis
1564 1576 1617 1621 tuce
1639 1574 1753 1628 constet,
1776 1555 1881 1634 officiis,
1894 1565 1971 1630 lueis,
1994 1582 2046 1621 nto

1253 1656 1339 1722 cilius,
1353 1655 1464 1722 artibus,
1478 1669 1505 1711 et
1520 1657 1585 1711 totis
1597 1656 1674 1711 simol
1690 1656 1813 1726 gentibus
1826 1656 2001 1720 dissolutum:
2013 1657 2050 1712 ita

1255 1745 1383 1813 gamansit
1396 1730 1533 1812 tunetnr‘n,
1551 1746 1622 1817 qood
1638 1761 1687 1800 rios
1701 1747 1756 1814 ipsa
1772 1745 1875 1800 ratione
1885 1755 1913 1800 et
1925 1745 2049 1816 apostolo

1254 1836 1337 1892 Panlo
1362 1838 1476 1894 docente
1500 1837 1678 1902 defendimus,
1701 1840 1789 1893 omnia
1808 1854 1933 1908 corpora,
1960 1840 2050 1896 omnia

1254 1929 1373 1986 membra
1398 1944 1564 2000 corporum,
1587 1944 1734 1999 omnesque
1760 1945 1855 1985 seusus
1880 1946 2049 1999 corporum,

1254 2020 1338 2075 ileum
1363 2033 1500 2077 auctorem
1514 2021 1700 2076 uniuersorum
1722 2035 1830 2076 creasse
1842 2037 1849 2086 ;
1863 2021 1910 2079 scd
1933 2022 1970 2076 ita
1983 2022 2051 2077 ordi·

1254 2128 1340 2180 nasse,
1352 2125 1382 2168 ιιι
1396 2113 1519 2185 quadum
1530 2112 1556 2169 iu
1568 2113 1695 2169 membris
1710 2113 1808 2168 nostris
1822 2129 1870 2183 pro
1890 2114 2050 2184 opportuni·

1254 2204 1351 2259 tatibus
1373 2213 1522 2275 terupurom
1533 2205 1653 2259 amiciret
1672 2203 1766 2274 pudor,
1782 2204 1905 2274 quasdam
1922 2203 2051 2260 honestas

1254 2293 1381 2350 naturalis
1394 2294 1513 2362 offerret,
1529 2294 1624 2366 quihus
1646 2305 1698 2348 taut
1723 2293 1878 2349 indecorum
1892 2303 1965 2350 esset
1985 2295 2051 2366 tegi-

1253 2403 1314 2442 men
1327 2387 1459 2453 adbibcri,
1480 2402 1560 2458 qoam
1581 2387 1734 2459 importune
1759 2386 1916 2459 genitalium
1941 2387 2051 2458 uulgare

1252 2485 1397 2532 secretum.
1823 2462 1825 2467 ¹

1288 2560 1527 2639 huu.'1'uputius
1555 2568 1708 2636 importune
1736 2567 1813 2637 culpa
1839 2567 2051 2639 importunitatis

1251 2658 1373 2729 aspergis
1384 2671 1441 2724 eos,
1467 2659 1500 2713 de
1522 2659 1619 2729 quibos
1636 2658 1671 2713 aii
1688 2658 1824 2731 Scriptura
1850 2659 1951 2723 diuina,
1977 2658 2051 2714 uoti

1252 2759 1332 2815 eruin,
1347 2759 1429 2804 etuun
1443 2747 1660 2820 confundebantur
1679 2747 1757 2819 (Gen.
1785 2765 1812 2815 ιι,
1839 2748 1896 2818 25).
1920 2750 1955 2804 Et
1978 2760 2051 2806 certe

1253 2851 1315 2897 turne
1326 2843 1361 2894 ita
1376 2841 1442 2897 recti
1456 2850 1542 2907 erant,
1559 2850 1587 2895 ut
1602 2841 1668 2895 recti
1688 2839 1750 2896 facti
1771 2849 1848 2896 eraut
1861 2858 1869 2894 a
1882 2840 1954 2895 Fecit
1974 2841 2046 2899 enbtt

1252 2929 1332 2999 licus,
1346 2931 1415 2986 sicot
1428 2929 1552 3001 legimus,
1569 2929 1695 2987 leunsinem
1705 2939 1800 2984 rectum
1814 2914 1912 3000 (Eccle.
1926 2947 1975 2998 ιιι,
1989 2930 2049 3001 30).

1251 3016 1300 3078 illu
1314 3036 1378 3091 erge
1393 3031 1512 3090 tempure
1535 3029 1614 3076 tante
1639 3020 1808 3078 rectitudinis
1832 3035 1898 3085 stru,
1921 3020 2051 3091 numquid

1252 3122 1305 3168 tam
1318 3114 1394 3185 praui
1407 3119 1500 3179 erant,
1515 3121 1544 3167 ut
1556 3113 1748 3182 imprudenter,
1763 3111 1951 3182 impudenter,
1973 3111 2052 3168 inbu-

1251 3213 1347 3270 ncste',
1372 3202 1541 3275 importune,
1575 3204 1730 3273 genitalium
1759 3214 1862 3260 secreta
1893 3204 2051 3275 vulgarenti

1251 3296 1373 3364 Agnosce
1408 3294 1488 3365 igitur
1513 3294 1632 3348 nundum
1663 3291 1744 3349 fuisse
1769 3308 1876 3349 causam
1911 3294 2051 3365 pudendi,

1251 3384 1357 3457 qiuandu
1381 3383 1498 3442 nondum
1519 3382 1641 3454 pudenda
1667 3391 1744 3439 erant
1770 3384 1813 3439 iila
1834 3385 1965 3446 ritemlua,
1991 3398 2053 3456 qua

1252 3492 1321 3531 truite
1336 3477 1443 3546 proprie
1454 3475 1575 3546 pudenda
1591 3475 1726 3530 dicuutur.
1740 3474 1798 3530 Nou
1816 3476 1888 3530 euim
1913 3474 2052 3533 habitabat

1252 3570 1277 3623 iu
1291 3569 1419 3625 membris
1431 3568 1474 3623 lca
1488 3583 1638 3638 repugnans
1648 3567 1698 3638 legi
1713 3567 1808 3623 mentis
1820 3608 1828 3634 ,
1841 3569 1900 3622 siue
1912 3584 1965 3637 qua
1980 3584 2052 3624 rrtrrrc

1251 3660 1369 3715 nascitur
1391 3675 1480 3718 trenno.
1500 3658 1622 3714 Nondum
1642 3658 1804 3728 lueraijustu
1816 3658 1916 3729 juniiciu
1932 3659 1991 3725 liei,
2002 3661 2050 3731 quii

1251 3750 1348 3807 merite
1361 3749 1481 3807 deseruit
1492 3750 1668 3815 desertorem,
1684 3747 1847 3804 inobedienti
1871 3748 1973 3803 lmmiui
1994 3764 2052 3805 stuo

1250 3840 1339 3895 coritis
1353 3839 1531 3895 inobedientia
1552 3839 1692 3894 retributa.
1717 3838 1808 3909 Neque
1832 3838 1904 3894 enim
1931 3857 1986 3894 nim
2009 3850 2051 3899 est

1251 3933 1340 3987 curaris
1366 3931 1545 3987 inobedientia
1573 3941 1666 3988 curura
1693 3931 1816 4002 spiritum
1843 3934 2050 4009 conrcnptseere,

1251 4026 1371 4095 qnaumis
1385 4025 1465 4081 etiam
1486 4023 1580 4095 spiritu
1593 4035 1686 4080 contra
1700 4038 1759 4080 cam
1773 4025 1983 4096 concupiscente
1997 4042 2051 4084 nott

1249 4116 1353 4172 sinatur
1365 4115 1435 4187 quod
1449 4125 1560 4172 conatur
1570 4116 1692 4185 impiere.
1705 4115 1831 4184 llucergo
1845 4114 1964 4172 nundum
1978 4127 2050 4193 erat,

1250 4206 1357 4278 qnando
1374 4208 1436 4262 nodi
1451 4215 1538 4273 erasit,
1553 4216 1582 4263 et
1594 4223 1646 4262 nou
1666 4206 1909 4263 corifondebautur.
1924 4209 1984 4265 Nou
1998 4212 2051 4273 tta·

1250 4314 1302 4370 quc
1320 4300 1356 4355 illi
1370 4315 1433 4354 uera
1446 4300 1566 4355 nuditate
1579 4301 1586 4333 ¹
1601 4300 1752 4369 importune
1770 4301 1926 4372 genitalium
1945 4312 2051 4362 secreta

1250 4392 1409 4462 uolgabant:
1425 4391 1472 4446 sed
1487 4391 1574 4446 adbuc
1592 4392 1771 4463 importunum
1793 4391 1857 4446 nibil
1882 4393 1907 4446 in
1922 4395 2052 4464 genitali·

1252 4485 1301 4538 ltus
1322 4494 1473 4540 seraseraut.
1488 4485 1557 4554 Quid
1570 4485 1672 4556 colligis
1697 4489 1776 4540 sorba
1794 4487 1893 4552 inania,
1920 4498 2050 4561 tarrquam

1250 4574 1311 4630 folia
1325 4576 1405 4640 lesia,
1417 4577 1512 4646 quibus
1524 4584 1551 4631 et
1564 4585 1592 4630 tu
1604 4587 1729 4648 citrttrgas
1743 4579 1877 4634 carnalem
1894 4580 2051 4638 contentio·

1250 4680 1312 4721 nem
1325 4673 1397 4721 tuam
1407 4675 1498 4721 cutura
1512 4667 1678 4737 spiritualem
1687 4669 1881 4736 alletoritatem,
1895 4672 1972 4741 qnasi
1982 4686 2049 4727 eurr·

1249 4757 1431 4828 cupiscentem
1448 4767 1542 4813 contra
1558 4757 1678 4828 spiritum
1704 4761 1834 4828 earrreml
1855 4760 1923 4827 unio
1947 4777 2018 4831 quan
2026 4758 2050 4818 is

1249 4863 1308 4919 qne
1327 4846 1437 4918 pudoris
1456 4848 1570 4904 tenenda
1584 4850 1619 4903 sit
1632 4851 1784 4919 quantitas,
1797 4852 1853 4906 sire
1863 4850 1959 4919 limes,
1976 4852 2051 4909 iuter

1250 4947 1288 4993 tot
1300 4940 1358 5007 eius
1367 4939 1547 5007 diversitates,
1558 4954 1616 5010 quae
1625 4940 1809 5001 llutndirersis
1821 4943 2040 5013 necessitatibus,

1249 5031 1361 5099 artibus,
1372 5030 1553 5099 opinionibus,
1565 5030 1695 5098 moribus,
1716 5033 1772 5087 sire
1791 5034 1882 5100 rectis,
1903 5035 1962 5091 sire
1980 5051 2047 5105 pcr-

1250 5121 1336 5176 uersis
1344 5121 1356 5174 i
1364 5122 1433 5178 Eece
1441 5121 1525 5179 ltabes
1535 5120 1667 5190 homines,
1679 5139 1732 5179 nun
1744 5124 1855 5194 alicujus
1865 5126 1964 5195 gentis,
1975 5131 2049 5186 stem

1248 5213 1355 5278 Seuius,
1368 5212 1416 5267 sed
1438 5219 1565 5284 parentes
1581 5215 1699 5268 omnium
1719 5217 1857 5285 grutium3
1880 5232 1932 5272 uon
1955 5218 2046 5289 aliqua

1249 5319 1328 5374 prata
1343 5304 1468 5374 opinione
1488 5304 1655 5375 depravatos,
1668 5306 1736 5362 sicut
1752 5306 1876 5378 Cynic08,
1892 5317 1921 5364 ei
1940 5311 2047 5379 quosli-

1247 5398 1293 5452 bet
1302 5395 1369 5451 alIus
1379 5396 1474 5451 similis
1485 5396 1665 5451 irreverentiae
1674 5396 1844 5454 deformitate
1857 5399 1982 5465 foedatos,
1995 5401 2046 5458 sed

1248 5504 1262 5541 a
1280 5488 1337 5543 Deo
1347 5487 1469 5543 conditos
1478 5498 1585 5553 rectos,
1599 5503 1651 5542 non
1661 5503 1743 5559 opere
1755 5490 1866 5559 alicujus
1875 5493 2047 5551 necessitatis

1247 5577 1400 5641 obstrictos,
1411 5577 1479 5632 sieut
1494 5576 1564 5632 Petri
1578 5576 1685 5633 auiditas
1699 5576 1759 5646 fult,
1771 5594 1822 5648 qua
1835 5588 1861 5633 te
1871 5582 1969 5649 putasti
1982 5597 2048 5638 esse

1221 5689 1228 5697 ·
1246 5672 1401 5738 solantium,
1412 5669 1460 5726 sed
1480 5672 1505 5725 iu
1519 5669 1672 5725 deliciorum
1691 5671 1816 5742 paradiso
1840 5671 1940 5728 liberos
1952 5692 1958 5726 :
1970 5674 2047 5743 ipsus

1246 5764 1354 5832 aspice,
1372 5771 1435 5817 mne
1454 5770 1592 5832 peccatum
1611 5771 1790 5818 ostentatores
1813 5763 1955 5830 libertatis,
1981 5777 2048 5834 pust

1248 5864 1382 5924 peecatum
1396 5853 1519 5909 ductores
1531 5853 1649 5925 pudoris.
1660 5854 1942 5925 srrnpeeeaunnnnui
1953 5871 2045 5926 erant,

1246 5954 1273 5999 et
1298 5959 1351 6000 nou
1370 5941 1621 5999 confundebantur:
1638 5954 1698 6016 post
1713 5955 1850 6017 peccatore
1865 5945 1898 6002 de
1921 5949 2046 6008 cruditate

1277 6098 1285 6129 ¹
1305 6096 1386 6165 ttrtrui,
1396 6097 1470 6168 ulem.
1482 6101 1549 6158 mit..
1560 6099 1676 6169 peg‘lbl,
1685 6099 1738 6164 282,
1749 6102 1783 6154 sie
1795 6100 1856 6165 legit
1869 6102 1933 6155 huuc
1942 6106 1958 6153 p
1966 6118 2045 6170 (erpa

1248 6167 1296 6209 aen
1309 6159 1638 6223 rtaqacnntuterannrumr.
1671 6169 1699 6215 tt.
