4900 6892
378 726 381 732 .
402 654 473 714 1639
973 650 1172 709 arrbdutets
1190 652 1279 708 l‘dllS
1297 652 1464 711 SECUNDA.
1778 608 1786 616 ·
1969 657 2036 716 lm

403 766 631 838 prevaricationis
643 763 828 834 praedestinata
844 765 975 833 cstjusta.
989 763 1066 818 Unde
1077 771 1104 817 et
1114 762 1189 818 Psal-
1244 763 1313 818 beas
1325 778 1377 818 uon
1390 764 1460 820 lecit.
1475 762 1544 820 Caro
1554 772 1642 820 tamen
1651 763 1716 819 uixit
1728 774 1789 835 post
1798 773 1916 820 mortem
1925 767 2032 830 auitae.

404 838 483 892 mista
498 855 505 890 ι
522 837 587 902 Quale
597 846 623 888 tu
633 833 717 888 reddis
729 834 861 904 uuicuique
868 835 944 903 iustu
957 849 1089 904 operosae
1104 832 1188 904 (ibai.
1242 834 1290 890 sed
1304 834 1353 888 sub
1366 836 1459 890 mortis
1469 836 1676 904 exspectatione
1691 834 1762 890 Ιοιε
1775 850 1841 905 ergo
1853 835 1964 902 anime,
1975 852 2034 904 pae-

406 923 459 972 ιιι,
474 908 528 977 li).
545 905 619 961 Unde
634 904 703 957 enim
716 913 743 958 ct
756 904 922 973 bonisgloria
934 903 1067 973 perennis,
1076 912 1102 957 ct
1115 903 1191 956 malis
1243 914 1332 959 catum
1344 921 1351 968 ;
1365 919 1438 959 murs
1461 905 1549 958 caruis
1561 946 1567 967 ‚
1579 904 1717 959 dissolutio
1730 904 1947 969 elomentorum
1962 921 2033 963 man

404 990 477 1031 mors
491 973 601 1040 infelix,
616 974 666 1028 uisi
680 973 713 1028 ab
728 988 760 1028 eo
774 974 821 1043 qui
838 973 923 1029 reddit
939 973 1080 1042 unicuique
1094 987 1192 1027 seeun-
1243 974 1339 1027 atrimae
1354 975 1489 1040 erumnis,
1501 988 1579 1044 poena
1593 972 1740 1029 infernalis.
1754 973 1799 1030 Sic
1812 982 1841 1029 ct
1854 975 1920 1039 vita,
1932 973 1984 1029 alta
1994 986 2034 1031 est

405 1047 468 1100 dum
483 1059 562 1113 opera
577 1058 623 1098 sua
634 1044 646 1096 i
657 1042 714 1098 Non
726 1054 815 1098 tamcu
829 1059 894 1111 pure
906 1058 920 1095 a
933 1043 987 1097 ileu
1002 1058 1073 1096 mors
1085 1082 1093 1107 ,
1104 1041 1150 1097 scd
1164 1041 1193 1097 lit
1244 1044 1331 1097 caruis
1346 1054 1372 1098 ει
1386 1045 1482 1098 animas
1495 1055 1557 1099 aute
1570 1056 1705 1113 peceatum
1717 1084 1725 1106 ‚
1738 1043 1790 1099 alia
1800 1044 1891 1098 carnis
1902 1054 1964 1112 post
1976 1061 2033 1114 pec·

405 1131 438 1170 cr
453 1115 565 1170 bominis
576 1114 793 1184 prevaricatione
807 1112 989 1181 perjustitiam
1007 1113 1052 1166 Dei
1066 1113 1092 1166 in
1106 1111 1192 1166 bomi-
1244 1122 1348 1177 catum,
1359 1114 1410 1167 alia
1424 1115 1520 1168 auitum
1533 1123 1561 1169 et
1579 1115 1667 1169 caruis
1681 1122 1741 1182 post
1760 1113 1967 1169 dissolutionem
1983 1118 2034 1171 cle·

407 1187 448 1239 nis
459 1199 575 1254 poenanr.
591 1183 647 1238 lloc
660 1183 739 1249 itleu,
753 1182 814 1252 quia
827 1192 888 1236 suut
900 1182 1018 1237 nonnulli
1041 1183 1085 1250 qui
1101 1181 1193 1236 diabo-
1245 1193 1405 1238 mentorum.
1429 1184 1487 1238 Vita
1508 1183 1615 1254 quidem
1636 1185 1723 1238 omnis
1741 1183 1824 1238 abeo
1846 1191 1905 1248 est;
1918 1185 1989 1239 sicut
2008 1195 2034 1240 et

405 1255 461 1309 lum
477 1255 515 1309 sic
529 1263 629 1323 ponunt
639 1253 733 1308 mortis
745 1261 880 1307 auctorem
893 1293 901 1317 ,
915 1252 990 1321 quasi
1002 1252 1110 1306 ultionis
1119 1251 1192 1320 judi·
1246 1267 1318 1308 murs
1339 1253 1448 1320 caretis,
1466 1269 1525 1322 que
1550 1263 1592 1308 εει
1611 1252 1752 1308 dissolutio
1773 1253 1989 1316 elementorum:
2008 1265 2034 1310 ct

405 1339 473 1379 cem.
499 1325 598 1379 ductor
620 1332 662 1378 est
683 1321 791 1392 quidem
811 1323 903 1376 mortis
927 1338 974 1391 per
997 1322 1193 1391 suggestionem
1246 1336 1317 1377 mors
1330 1323 1425 1377 animae
1435 1332 1462 1377 et
1471 1323 1570 1389 caretis,
1586 1339 1644 1392 quie
1656 1332 1697 1378 est
1711 1322 1776 1377 ultio
1788 1323 1957 1378 adernionis.
1970 1323 2034 1379 Hm-

404 1394 507 1464 peccati
523 1394 590 1460 ,sed
604 1408 652 1460 per
665 1392 810 1462 potentiam
823 1390 1005 1446 retributionis
1016 1406 1064 1445 nec
1079 1400 1191 1457 auctor,
1246 1399 1298 1447 tem
1314 1401 1402 1446 autem
1412 1392 1517 1454 animas.
1533 1408 1593 1474 quse
1607 1401 1648 1448 est
1661 1402 1819 1447 ceterarum
1834 1392 1997 1462 principium
2008 1405 2033 1449 ει

405 1479 455 1518 ιιεε
469 1473 583 1518 creator.
596 1464 643 1517 list
653 1472 680 1518 et
692 1475 830 1531 poeuarum
841 1469 931 1517 eustos
941 1470 969 1516 ct
981 1460 1129 1525 exhibitum
1144 1473 1193 1515 nec
1246 1477 1335 1526 eausa,
1352 1477 1486 1529 nunquam
1502 1461 1565 1516 lectt
1580 1463 1650 1517 Deus
1665 1480 1672 1517 :
1688 1463 1748 1532 grtia
1762 1463 1894 1531 scriptum
1906 1474 1971 1528 est,
1987 1462 2033 1528 ilai

407 1543 496 1587 tamen
516 1548 549 1589 ex
563 1533 668 1603 propria
684 1532 819 1602 potentia,
835 1531 883 1587 sed
905 1546 937 1586 cx
952 1530 1127 1586 concessione
1151 1529 1194 1584 di·
1247 1541 1375 1602 pcccotum
1388 1548 1438 1585 non
1448 1532 1506 1604 {ecit
1519 1532 1540 1605 (l
1554 1531 1626 1586 Petr.
1638 1549 1666 1599 u,
1679 1531 1737 1602 22).
1749 1532 1802 1587 Sed
1816 1535 2033 1588 rurortemauiuaa

406 1603 477 1656 vitia.
1247 1617 1300 1656 nou
1314 1602 1354 1656 sie
1366 1601 1504 1671 intelligas,
1522 1610 1673 1657 utmortem
1688 1603 1784 1657 carnis.
1799 1601 2033 1672 llorituruamque

442 1670 554 1727 CAPUT
573 1670 605 1723 t.
629 1701 666 1712 —
685 1670 712 1725 6.
728 1668 780 1725 Sed
794 1670 825 1724 iis
840 1685 898 1741 quse
910 1669 1121 1740 praeseripsimus
1135 1669 1195 1739 quti-
1247 1686 1327 1736 caro,
1342 1671 1499 1726 solutionem
1511 1673 1551 1726 sui
1562 1672 1687 1742 patiendo
1701 1690 1708 1727 :
1721 1673 1834 1726 moritur
1845 1679 1937 1728 autem
1950 1672 2033 1728 auitae

407 1741 468 1795 dam
481 1749 617 1810 opponunt
632 1741 702 1810 quoti
718 1742 846 1810 scriptum
861 1750 921 1802 εει,
938 1738 1046 1793 diorteru
1062 1739 1130 1794 bem
1143 1756 1194 1793 raon
1246 1755 1300 1796 nou
1314 1742 1363 1807 sic,
1377 1742 1423 1797 scd
1437 1742 1518 1796 uitam
1531 1742 1668 1795 mutando.

406 1811 466 1882 fecit
484 1828 593 1880 utiquam
615 1810 693 1882 (Sap.
714 1826 738 1878 t,
758 1800 814 1879 lib.
834 1809 936 1876 Quibus
956 1823 1009 1863 nou
1027 1811 1106 1864 surda
1130 1824 1195 1864 aure
1283 1812 1309 1866 t.
1323 1811 1379 1866 lum
1388 1826 1452 1882 qum
1464 1812 1519 1866 sint
1533 1809 1779 1880 praedestinationes
1791 1810 1966 1881 alligationis,
1977 1827 2033 1881 qua

409 1880 622 1950 pratereundum
641 1889 691 1943 est,
704 1879 774 1950 quod
787 1880 853 1934 alias
866 1879 995 1947 scriptum
1008 1887 1065 1945 est,
1085 1877 1160 1933 diors
1172 1887 1194 1932 et
1247 1881 1423 1944 eorrditionis;
1437 1880 1517 1946 satis,
1532 1890 1560 1936 ut
1582 1896 1656 1947 reor,
1671 1881 1828 1936 dictumest
1847 1899 1854 1934 :
1873 1881 1923 1936 sed
1947 1896 2033 1936 earum

407 1950 588 2004 uituolleoest
603 1948 694 2022 (Eccli.
707 1965 745 2014 ιι,
757 1950 812 2018 li).
827 1949 893 2004 Nam
907 1950 1072 2020 opponenti,
1088 1949 1196 2003 llortcm
1247 1951 1478 2021 qumcttnditioals
1498 1961 1559 2008 sunt
1571 1994 1579 2019 ,
1592 1951 1653 2007 alise
1669 1952 1703 2006 ad
1717 1951 1841 2021 gloriam,
1855 1950 1962 2005 aliaead
1980 1967 2033 2022 poe·

406 2019 475 2074 bees
487 2036 537 2073 aron
549 2021 724 2091 [eeitouqoum
733 2034 869 2101 ,ntupum
882 2017 985 2081 llorset
996 2020 1073 2073 citou
1084 2017 1195 2085 moes.
1247 2036 1319 2077 nam.
1342 2022 1414 2090 Quos
1432 2021 1505 2079 eum
1518 2021 1664 2080 mosmos
1677 2020 1743 2095 idei
1757 2035 1841 2103 opere
1855 2021 1962 2075 iuturus
1979 2036 2035 2077 esse

407 2088 456 2143 llis
470 2090 566 2159 quippe
579 2088 792 2157 oppositionibus
803 2106 829 2143 m
843 2087 992 2143 litteratura
1011 2089 1083 2143 nulla
1099 2102 1195 2143 recun-
1248 2091 1386 2161 praenovit,
1402 2091 1451 2146 bos
1463 2088 1659 2160 pmdestinauit
1668 2090 1701 2145 ad
1712 2088 1823 2161 gloriam
1835 2107 1843 2143 τ
1857 2106 1927 2161 quos
1939 2091 2036 2161 absque

407 2158 580 2224 ciliatioest,
596 2160 622 2212 in
645 2158 818 2228 intelligentia
834 2159 906 2219 arula
923 2157 1196 2231 mentualibus
1243 2162 1414 2219 correctione
1434 2161 1575 2221 diabolice
1597 2161 1761 2230 persuasioni
1785 2161 1951 2215 militaturos
1977 2176 2033 2216 etse

407 2230 478 2282 euim
492 2228 560 2281 sicut
572 2237 599 2283 ει
611 2229 661 2282 vita
672 2269 679 2292 ,
692 2243 744 2282 non
765 2230 864 2282 tainum
880 2228 1042 2297 dupliciter,
1058 2227 1105 2282 scd
1116 2228 1196 2282 ctiam
1303 2232 1379 2287 sciuit
1392 2273 1399 2295 ,
1411 2229 1461 2285 bos
1480 2244 1530 2300 pre
1543 2241 1618 2286 certo
1636 2230 1837 2300 predestinavit
1862 2229 1896 2284 ad
1921 2244 2034 2298 poenaun

408 2297 545 2366 tripliciter
564 2297 673 2362 intelligi
691 2305 789 2367 potest.
808 2297 837 2352 ln
850 2299 935 2367 prium
956 2313 1070 2366 namque
1089 2296 1197 2353 bomine
1271 2303 1328 2357 avis
1340 2303 1436 2356 meritis
1448 2310 1556 2365 nostrae,
1572 2301 1621 2355 nisi
1633 2301 1761 2355 exercitio
1771 2300 1848 2354 bouae
1861 2300 2036 2355 meditationis

406 2376 434 2420 ει
447 2368 562 2421 animam
577 2377 604 2421 et
617 2383 725 2421 caruem
739 2368 807 2422 [leus
819 2368 917 2422 creavit
928 2367 1115 2422 immortalem.
1128 2367 1197 2423 Ante
1248 2379 1365 2441 regatur,
1375 2372 1462 2425 uerutis
1473 2385 1599 2425 sanarum
1614 2370 1802 2439 cogitationum
1815 2367 1982 2436 amantibus,
1993 2385 2035 2440 per

407 2445 545 2504 peceatum
565 2451 629 2507 ergo
643 2437 710 2491 uixit
722 2438 819 2503 anima,
832 2438 897 2492 vixit
907 2452 987 2504 caro,
1003 2454 1055 2491 non
1065 2437 1116 2492 sub
1130 2438 1197 2492 inte·
1249 2442 1353 2496 diversa
1367 2441 1521 2508 fluctuabit,
1534 2452 1562 2497 et
1572 2441 1679 2497 demum
1694 2438 1743 2500 sub
1756 2438 1878 2510 periculo
1889 2439 2035 2497 demerue-

402 2506 474 2561 rritus
495 2506 606 2573 timore,
621 2507 668 2561 sed
691 2506 740 2561 sub
755 2506 962 2562 immortalitatis
980 2507 1143 2562 conditione.
1163 2508 1198 2562 tt
1249 2514 1291 2568 nis
1303 2511 1496 2582 conquatietur.

406 2575 469 2629 dum
482 2576 562 2630 lromo
574 2577 701 2645 peccavit,
713 2576 801 2631 atuirna
815 2577 889 2631 obiit.
902 2578 964 2632 llaec
976 2584 1018 2632 est
1032 2592 1104 2632 mors
1117 2591 1197 2648 quam

404 2711 2027 2764 Μ

876 2840 929 2901 DE
949 2838 1068 2900 LIBRO
1088 2838 1204 2902 cutus
1223 2837 1446 2900 INSCRIPTIO
1465 2837 1584 2914 ERAT,

872 2979 898 3023 s.
914 2980 1042 3024 amatu
1057 2978 1225 3025 susumus
1240 2978 1442 3023 uranonnusrs
1454 2978 1601 3033 uniscunt,

443 3102 522 3174 an
545 3100 862 3174 aestuosos
894 3100 1003 3173 stur
1031 3099 1208 3172 nauso
1238 3072 1548 3171 rnrnosruos
1574 3096 2007 3172 responsiones,

444 3254 494 3311 iste
507 3254 582 3320 liber,
599 3252 727 3322 incipieus
742 3251 769 3306 iu
782 3250 841 3306 limo
852 3249 943 3318 uerba,
959 3249 1068 3317 Quidam
1085 3250 1231 3306 consume
1250 3267 1279 3306 oc
1293 3251 1414 3322 [retente
1437 3250 1569 3306 claritatis
1584 3249 1665 3312 obliti,
1684 3248 1712 3303 in
1726 3258 1826 3304 testam
1839 3249 2038 3306 &swan

411 3354 522 3400 rostram
534 3359 633 3413 gnomen
645 3339 829 3397 ntodaettulmt
843 3341 934 3395 ludere
944 3379 952 3407 ,
963 3348 992 3394 at
1014 3356 1087 3394 snum
1102 3357 1129 3395 se
1148 3352 1255 3397 euertere
1273 3342 1379 3396 nocendi
1396 3342 1535 3412 eupiditate
1546 3357 1598 3395 non
1618 3340 1727 3406 uideant,
1743 3354 1844 3396 nomen
1867 3341 2038 3412 Augustini·

415 3433 549 3491 ueteribus
562 3433 661 3504 aliquot
673 3430 859 3501 ntanuscriptis
869 3429 1006 3487 cotidbus
1026 3429 1195 3501 preferebat.
1217 3432 1285 3486 llino
1298 3430 1403 3487 errandi
1416 3429 1589 3486 occasiodata
1603 3429 1694 3500 primis
1707 3429 1964 3501 Augustinianormn
1978 3444 2037 3504 ope·

410 3541 467 3581 rum
484 3525 642 3592 editoribus,
655 3522 833 3580 Amerbacbio
846 3531 873 3578 et
885 3522 1010 3589 Erasmo,
1023 3524 1068 3594 qui
1082 3538 1143 3579 cum
1162 3523 1261 3581 librum
1285 3524 1356 3580 intcr
1374 3523 1514 3594 Augustini
1529 3522 1658 3594 polemica
1674 3537 1756 3593 opera
1771 3532 1868 3579 contra
1880 3523 2036 3594 Pelagianos,

409 3618 529 3689 ejusdem
540 3619 624 3675 sancti
641 3619 762 3674 Docturis
776 3616 884 3672 norraine
900 3625 1076 3686 prenotatam
1099 3616 1258 3672 retulerunt.
1273 3614 1332 3686 lpse
1355 3616 1464 3672 omnlino
1477 3624 1519 3671 est
1536 3616 1603 3671 libcr
1613 3615 1738 3686 Prospcsi
1749 3614 1900 3673 refellemis
1914 3616 2034 3689 abisaia·

409 3726 458 3766 nes
469 3709 670 3776 vincentianas,
682 3709 728 3780 qui
741 3722 790 3763 suo
804 3707 863 3762 loco
878 3707 904 3760 in
921 3706 999 3762 tertia
1012 3713 1087 3776 parte
1098 3705 1177 3779 hujus
1189 3705 1353 3777 Appendicis
1367 3705 1517 3760 exhibetur.

1139 4319 1316 4367 (tournines

339 4513 341 4516 ⁴
409 4441 717 4596 vatim
770 4435 1193 4584 SCRIPTA
1237 4440 1360 4581 ET
1406 4441 2030 4590 MONUMENTA

821 4635 866 4690 AB
884 4632 1152 4690 PELAGIANORUM
1172 4634 1358 4693 ssiSTORldbl
1377 4637 1626 4712 emulantium

407 4748 550 4828 Quorum
574 4729 801 4826 comparatione
830 4726 986 4821 polcmicae
1004 4726 1035 4793 iu
1050 4725 1175 4797 eosdem
1199 4729 1358 4801 haereticos
1373 4735 1541 4823 Augustini
1569 4735 1802 4807 lucubrationes
1827 4738 2028 4808 illustrantur.

1105 4860 1339 4920 ‘’W-0⁴&

570 4998 765 5048 suranoru8.1³
780 4996 854 5036 [wito
873 4994 1035 5035 Silliwssu!
1252 4985 1334 5066 ileum
1355 4988 1514 5046 desideranti
1534 4995 1709 5050 necessarias.
1731 4995 1839 5052 lloralis
1859 4981 1990 5068 siquidem
2010 4997 2032 5053 ia

673 5085 935 5129 ECCLESleTlCORUH·
1251 5071 1290 5108 elS
1305 5058 1385 5113 (licui)
1398 5060 1463 5114 nlllll
1476 5063 1509 5117 ibi
1527 5064 1581 5118 Villi
1592 5064 1766 5133 Dosllnodussl
1780 5065 1889 5136 [mdiu.
1898 5067 1947 5124 a
1957 5076 2032 5124 m

1251 5125 1284 5178 ad
1296 5129 1400 5183 virtutis
1414 5130 1612 5187 incitamentum
1627 5136 1720 5190 tenuit.

399 5182 1199 5325 ·miltiadi?illlliilitllistitillabit&
1436 5217 1854 5282 *Netiucouuouuouun
1957 5189 1965 5204 '

414 5343 469 5386 tres
482 5330 515 5386 de
531 5331 582 5388 lide
603 5327 756 5390 Trinitatis,
772 5331 799 5380 ct
813 5339 861 5393 pro
881 5323 976 5377 actuali
997 5323 1199 5377 cottrersatione
1252 5321 1382 5361 ΔΝΜ
1403 5323 1522 5364 nituisti
1543 5326 1645 5368 Patren
1667 5330 1701 5368 ur
1724 5330 1857 5371 ειιιεετιι
1882 5332 1936 5372 m
1957 5329 2033 5374 :m

413 5399 582 5470 Eulogiarum
597 5415 629 5452 cn
642 5397 737 5452 diuinis
748 5393 892 5462 scripturis
906 5393 1000 5446 librum
1013 5407 1110 5457 unum,
1125 5392 1197 5463 rapi·
1286 5390 1392 5431 “ssim
1407 5394 1618 5437 lumiminum
1630 5399 1788 5440 leucarum
1798 5400 2005 5465 εειιοειιιετι.

389 5543 390 5546 ¹
415 5469 531 5524 tulormu
546 5469 649 5522 indiciis
665 5468 691 5521 iu
710 5465 816 5520 modum
828 5463 952 5543 Cypriani
970 5461 1094 5541 trtartyris
1107 5463 1198 5529 prusi-
1287 5468 1312 5522 l.
1333 5468 1449 5533 Quatestio
1473 5482 1564 5526 contra
1594 5474 1750 5530 eatbolicam
1776 5476 1856 5533 fldem
1882 5480 1955 5548 agtud
1976 5494 2034 5535 m-

412 5547 532 5611 gnatum.
555 5538 697 5607 Postquam
718 5549 780 5588 mro
803 5534 943 5588 ltercttrus
966 5530 1114 5601 publicatus
1136 5538 1196 5599 est,
1257 5538 1343 5591 nullos
1357 5539 1542 5610 syrorum&
1560 5543 1694 5614 pmgpue
1716 5547 1741 5600 i„
1755 5547 1845 5602 einch
1865 5563 1881 5602 a
1899 5549 2035 5605 nm

412 5609 519 5679 scripsit
531 5607 626 5662 heresi
638 5620 693 5660 suaa
708 5603 832 5659 larentia.
1253 5608 1384 5675 ,lumniam
1398 5611 1524 5681 episcopo
1549 5613 1638 5681 oppidi
1658 5613 1811 5671 Hammoni
1832 5617 1870 5690 (a)
1883 5618 2035 5689 imm

706 5673 788 5740 idem,
802 5672 902 5727 ibidem.
927 5741 933 5753 ι
1250 5685 1339 5743 munta,
1354 5694 1423 5733 nunc
1445 5695 1528 5750 usque
1549 5697 1630 5750 penes
1653 5698 1752 5754 paucos
1779 5701 1872 5743 eorum
1895 5686 2034 5747 adeius·

448 5746 591 5804 Coelestius
616 5751 757 5811 autequam
786 5743 819 5796 ad
845 5741 980 5810 Pelagium
1006 5747 1197 5803 concurreret,

412 5820 468 5876 lmo
484 5817 573 5873 adhuc
592 5814 765 5893 adolescens,
781 5811 1069 5892 scripsitadparentes
1085 5823 1148 5862 suos
1166 5810 1199 5890 de
1282 5830 1517 5893 (agglegendumm,
1553 5833 1972 5893 mmmmmbmm
1984 5840 2037 5900 m·

413 5887 575 5944 monasterio
588 5883 715 5955 epistolas
725 5896 753 5937 ut
768 5881 874 5936 modum
886 5880 1035 5935 libellorum
1051 5885 1199 5945 tres‚omnt
1250 5900 1367 5941 melmin
1388 5894 1496 5966 quinque
1527 5895 1593 5945 turos
1613 5895 1734 5948 uueouon
1759 5917 1771 5946 r
1792 5907 1877 5952 onnus
1900 5906 2038 5957 W

442 6020 452 6053 a
464 6021 489 6070 ln
499 6017 613 6071 Genuadli
624 6016 697 6068 editis
711 6018 803 6072 decrat,
818 6015 891 6064 Balla
903 6019 985 6087 exstat
998 6014 1023 6063 ln
1035 6013 1200 6083 antiquissimo
1251 5965 1353 6074 m}
1362 5954 1839 6075 fflmessnffipffzssnffiglffi
1849 5963 2038 6087 {emm

409 6081 549 6133 &belensi
558 6078 702 6142 exemplari,
714 6076 757 6126 sed
769 6084 889 6139 geuunata
900 6073 1028 6137 litterati,
1048 6082 1130 6125 britto.
1252 6078 1557 6141 cttugmummattosque
1627 6079 1709 6131 olm.
1725 6083 1974 6136 mmm
1990 6084 2039 6134 ,Β
