4900 6892
436 638 501 709 lost

434 774 507 820 tonm
520 760 529 795 ¹
543 767 643 834 propter
656 757 873 826 intemperantiam
885 763 990 807 uestram
1002 767 1011 806 .·
1023 750 1150 806 continuo
1160 747 1222 804 snb·

432 853 514 926 lecit,
535 860 615 922 atqrre
634 851 686 912 ait,
708 845 765 901 llos
784 855 866 899 antem
886 844 943 898 dico
956 841 1091 898 sectandam
1106 842 1222 905 verrinus,

435 962 484 1000 nou
498 944 632 998 secundnm
648 938 779 1006 inlperinm
793 934 814 1005 (l
826 933 884 990 Cor.
904 949 938 988 sn
952 975 959 999 ,
973 931 1000 998 5,
1015 929 1053 1003 o).
1070 931 1124 984 lloc
1137 930 1224 998 itaque

435 1036 506 1092 molo
526 1032 580 1086 sola
602 1031 669 1083 benc
687 1028 767 1080 utitur
786 1025 932 1079 intentione
951 1002 1127 1092 propagandae
1144 1020 1224 1090 prolis

437 1127 559 1198 pudicitia
578 1120 743 1190 conjugalis:
760 1118 822 1172 lrnic
836 1116 906 1170 ttrnlo
919 1116 1057 1169 venialiter
1072 1112 1097 1166 in
1113 1111 1224 1182 corrjrrge

435 1217 537 1272 ceditur
548 1253 559 1284 ,ἢ
581 1227 631 1264 amn
647 1225 723 1263 corsa
740 1207 837 1276 prolis,
854 1205 899 1259 sed
915 1205 1028 1259 carrralis
1042 1200 1225 1256 tantummodo

434 1305 577 1373 uoluptatis
591 1302 676 1365 ;'buie
690 1296 759 1352 malo
770 1296 917 1355 resistitur,
929 1309 962 1349 ne
974 1293 1105 1363 appetitus
1115 1291 1225 1345 damna-

436 1393 495 1448 bilis
513 1391 655 1460 rolrrptntis
669 1386 817 1456 expleatur.
833 1383 887 1437 lloc
900 1383 997 1436 malum
1012 1380 1112 1435 babitat
1126 1380 1152 1433 in
1166 1394 1226 1432 cor·

437 1498 502 1556 porc
513 1483 605 1538 toartis
617 1480 695 1548 lustjus
707 1495 713 1530 ι
727 1475 917 1546 propterenjns
928 1483 1038 1537 rrrulrnn,
1048 1473 1127 1528 ctiam
1137 1478 1226 1524 nectite

436 1590 489 1630 nou
500 1559 684 1629 consentiente
697 1570 893 1636 importunum,
905 1565 1019 1625 dicitur,
1035 1563 1094 1618 Scio
1106 1561 1165 1633 pario
1175 1577 1226 1614 nort

436 1666 532 1721 dubitat
543 1664 568 1716 iu
584 1678 637 1725 arte,
652 1660 699 1712 ltoe
712 1668 748 1712 est
762 1657 787 1710 in
801 1672 877 1730 curae
889 1670 959 1717 rnen,
976 1654 1066 1708 bonurn
1080 1650 1167 1722 (llari.
1180 1666 1225 1713 ιιι,

437 1756 494 1826 18).
516 1753 572 1807 lloe
593 1751 690 1805 malum
707 1763 759 1801 riou
774 1757 830 1800 crat
846 1748 870 1799 in
884 1759 994 1813 corpore
1007 1743 1067 1796 sitm
1083 1743 1169 1807 illius,
1183 1741 1228 1796 ubi

436 1852 484 1902 ant
505 1840 631 1897 rultrntati
651 1840 661 1871 ¹
682 1837 857 1893 seruientibus
878 1835 956 1889 etiam
970 1832 1129 1903 genitalibus
1142 1847 1228 1886 ruem·

437 1933 510 1997 bris,
524 1930 605 1985 libido
615 1929 684 1983 rrrtlla
700 1935 769 1996 crat,
784 1934 828 1979 ant
842 1925 951 1979 omniuo
964 1938 994 1978 se
1009 1937 1123 1991 unquam
1136 1929 1229 1975 eontra

438 2022 582 2078 rolrrntatis
592 2019 728 2073 arbitrium
741 2032 793 2070 aruo
806 2013 939 2069 plorebat.
952 2013 1036 2084 Huius
1047 2012 1107 2066 nudi
1120 2019 1230 2082 repente

437 2114 524 2172 exorti
540 2111 632 2182 puduit
644 2110 654 2142 ³
666 2111 712 2164 ests
727 2106 803 2177 (Gen.
817 2122 862 2169 ru,
878 2106 924 2177 7),
940 2105 984 2174 utri
1001 2105 1150 2173 priusquam
1167 2116 1230 2173 pec·

437 2210 546 2269 caretrl,
568 2202 630 2256 ttttdi
647 2208 739 2264 eraut,
754 2207 780 2253 ct
794 2212 846 2251 non
861 2195 978 2268 pudebat
991 2211 1037 2251 eos
1053 2194 1107 2268 (ld.
1122 2212 1139 2249 u
1152 2236 1158 2257 ,
1172 2193 1230 2268 25).

438 2295 522 2364 ilarius
534 2291 597 2346 mali
608 2288 710 2344 laudes⁸
723 2287 890 2357 impudenter
900 2285 1019 2356 sparsisti
1030 2285 1108 2339 ctiam
1119 2293 1233 2354 qtratnor

438 2386 493 2442 illis
512 2383 587 2439 libris
610 2381 681 2448 tuis,
701 2379 797 2450 unibus
815 2384 924 2432 coactus
935 2390 993 2431 suin
1009 2375 1173 2446 respondere
1185 2390 1232 2431 sex

438 2483 516 2538 rucis.

450 2595 452 2599 ⁷
474 2570 567 2626 bxlll.
582 2569 642 2626 iun.
658 2565 693 2622 Ut
706 2563 812 2620 autem⁸
822 2561 855 2618 ad
865 2561 942 2616 istam
952 2559 1233 2616 commemorationem

440 2662 563 2717 bonuau
578 2658 692 2714 miserie
706 2664 734 2711 et
746 2655 842 2709 dirime
853 2655 946 2724 gratim
961 2651 1063 2706 reniret
1074 2651 1233 2720 Apostolus,

439 2769 518 2824 supra
542 2751 645 2808 dixerat
666 2766 675 2803 a
703 2745 782 2801 Video
799 2746 877 2799 olium
891 2744 970 2814 legem
983 2740 1009 2796 iu
1022 2741 1138 2795 membris
1152 2741 1232 2805 oreis,

441 2852 620 2915 repugnantem
632 2839 680 2910 legi
695 2837 783 2891 urentis
797 2849 874 2897 metr,
886 2841 909 2888 et
920 2832 1085 2901 captiunotent
1097 2847 1135 2884 me
1144 2831 1170 2884 in
1181 2829 1236 2900 lege

442 2937 537 3009 peccori
552 2951 560 2990 ,·
575 2943 635 3004 post
655 2931 712 2986 baec
726 2928 805 2983 verba
820 2925 994 2988 exclamarit,
1012 2923 1075 2989 Quis
1089 2937 1128 2975 ore
1142 2921 1235 2975 libero·

389 3076 393 3081 .
441 3032 477 3085 tir
500 3028 531 3083 de
552 3041 656 3096 corpore
677 3023 764 3077 urortis
784 3016 883 3092 brojas?
904 3015 993 3072 Gratia
1012 3014 1059 3070 bet
1082 3031 1127 3084 per
1148 3012 1236 3068 lestrm

443 3118 571 3177 Gltristrnn
590 3116 727 3170 Dotrriunur
743 3121 856 3166 nostrum
871 3109 959 3181 (lionu
975 3123 1028 3175 ru,
1041 3104 1150 3178 ΜΒ).
1164 3103 1236 3159 Goo-

443 3221 496 3267 stat
515 3208 621 3278 nitidem
644 3203 787 3266 permissis
803 3201 926 3270 illisque
941 3197 1069 3269 posuisti,
1086 3194 1238 3251 subdidisse

444 3301 615 3370 Apsirstolnm,
632 3295 711 3350 lliser
724 3309 769 3364 epo
784 3292 872 3356 lrorrto,
887 3289 943 3360 gnis
958 3304 997 3341 nse
1011 3287 1124 3342 liberabit
1137 3286 1167 3340 de
1179 3302 1237 3340 cor·

445 3406 506 3460 pore
529 3389 615 3442 artortis
638 3384 736 3455 lucius?
760 3380 848 3437 Gratia
870 3379 917 3434 oe
940 3394 985 3450 per
1002 3377 1092 3432 iesum
1111 3376 1239 3432 Cbristnut

446 3481 582 3535 Dominum
602 3485 724 3531 uostrrim.
745 3471 797 3529 Sed
820 3487 873 3526 nou
889 3470 1033 3540 disserimus
1047 3467 1240 3540 impraesentia-

446 3587 523 3635 rum,
540 3580 628 3623 rrtrrun
644 3566 695 3620 lure
709 3562 852 3635 Apostolus
865 3559 982 3616 dixerit:
1001 3574 1091 3614 rerum
1106 3573 1156 3627 utra
1170 3556 1238 3623 lblc,

446 3678 499 3732 uiro
517 3675 616 3724 seusu,
638 3672 688 3728 utra
708 3655 811 3711 ratione
829 3652 927 3708 dixerit
938 3651 1091 3722 querimus.
1106 3649 1154 3704 llle
1168 3648 1239 3705 euim

447 3753 473 3807 in
496 3749 622 3806 meminis
642 3750 726 3818 legem
740 3761 788 3816 per
801 3745 960 3815 flagitiorum
974 3756 1049 3796 usum
1062 3741 1161 3798 sanetis
1173 3755 1240 3796 eon·

448 3842 515 3896 siliis
536 3841 605 3894 iuter
625 3838 753 3908 principia
776 3844 865 3889 tamen
884 3833 1076 3889 emendationis
1092 3832 1239 3897 rebellem,

448 3929 666 3986 corisoetudincrn
691 3924 814 3978 nralaur⁸
835 3923 963 3989 vocabat,
989 3937 1049 3992 quaa
1072 3922 1105 3977 ab
1129 3921 1241 3978 eruditis

448 4023 529 4078 etiam
549 4019 639 4074 saecrrli
661 4017 711 4072 dici
732 4017 801 4071 solet
819 4014 934 4069 secunda
954 4024 1056 4067 natrrra.
1072 4013 1141 4068 Ante
1159 4028 1242 4085 pauca

449 4115 520 4168 enim
533 4125 595 4170 eos,
609 4109 642 4163 ad
657 4122 723 4177 unos
736 4106 869 4177 loquitor,
885 4121 945 4160 eum
959 4103 1163 4175 exprobratione
1175 4120 1242 4160 coo-

449 4204 559 4260 reniens
581 4203 685 4256 dixerat
708 4216 715 4254 ι
741 4197 889 4252 llnurorouu
908 4206 944 4252 est
965 4195 1034 4268 quod
1050 4196 1123 4257 dico,
1140 4206 1244 4267 propter

450 4295 623 4364 infirmitatem
636 4290 720 4345 coritis
732 4299 820 4344 vestrm
833 4304 842 4342 :
853 4289 918 4341 sicut
930 4287 994 4340 enirn
1004 4285 1151 4342 exhibuistis
1162 4304 1241 4345 ruem·

450 4387 496 4445 bro
517 4393 597 4439 oestro
616 4382 707 4437 secure
724 4379 889 4433 ianrrrnndrtioe
903 4386 926 4431 et
940 4378 1066 4450 iniquitati
1080 4376 1113 4430 nd
1125 4378 1244 4447 iniqnita-

448 4488 521 4541 tem;
535 4478 570 4529 ito
583 4490 649 4528 unm
662 4472 773 4526 ealrliete
786 4470 895 4524 meorbm
909 4480 988 4524 uestro
1000 4471 1091 4524 seruire
1099 4470 1208 4539 justitie
1217 4470 1243 4524 iu

452 4546 674 4635 mrtetipcntbuem
689 4560 744 4633 (ld.
759 4576 804 4621 ιι.
829 4557 883 4628 tu).
897 4556 984 4627 thue
1008 4558 1162 4613 ostenderet
1182 4559 1243 4628 qrria

451 4669 577 4718 carnem,
601 4665 653 4705 non
675 4649 725 4704 boc
746 4663 843 4716 corpus
863 4645 933 4716 qrrod
953 4660 1046 4700 causas
1060 4647 1086 4701 in
1099 4648 1244 4704 seminibus

453 4745 533 4807 lrabet
545 4785 552 4805 ,
564 4741 611 4798 sed
623 4741 685 4795 vitta
697 4739 805 4793 abusive
818 4744 944 4802 vocarem
958 4743 1018 4805 post
1031 4735 1083 4789 duo
1096 4736 1181 4805 capita
1192 4737 1245 4791 lor·

454 4847 525 4890 tasse
537 4832 671 4902 subjungit
685 4847 693 4886 a
705 4828 769 4886 Gum
783 4844 892 4883 ememor
904 4827 930 4881 in
944 4842 1034 4893 corne,
1046 4828 1175 4899 passiones
1184 4845 1244 4899 pee-

453 4935 567 4982 catorum
588 4937 645 4991 pse
666 4937 711 4990 per
730 4922 808 4992 legem
832 4920 1012 4986 ostendantur,
1037 4920 1205 4989 operabuntur
1218 4921 1245 4976 iu

454 5013 571 5071 mentiris
593 5011 702 5097 neuris,
724 5019 751 5063 ut
774 5010 957 5079 fructificarent
977 5009 1053 5063 morti
1069 5008 1122 5079 (ld.
1137 5024 1191 5075 vu,
1205 5011 1244 5084 5).

455 5107 500 5169 Sic
521 5104 606 5165 dixit,
629 5099 692 5157 Gom
713 5116 821 5156 minna
842 5101 868 5153 in
885 5117 975 5168 cerne,
991 5102 1065 5172 quasi
1080 5116 1113 5156 ιο
1126 5111 1246 5174 tempore

455 5211 516 5257 cem
530 5196 692 5264 disputaret,
706 5193 733 5247 in
743 5207 824 5247 earne
836 5206 888 5246 uoti
902 5202 971 5248 esset
987 5211 994 5247 :
1008 5194 1055 5248 sed
1068 5195 1112 5263 qui
1123 5195 1245 5266 Scripto-

458 5303 502 5343 ras
522 5289 610 5349 norit,
633 5300 715 5355 gentis
736 5284 787 5340 boe
804 5284 961 5339 elocutionis
974 5286 985 5317 ⁷
997 5289 1126 5350 agnoseit.
1142 5288 1174 5341 Et
1187 5288 1246 5344 idco

457 5381 500 5434 ubi
518 5380 659 5433 rerlmnnn
672 5376 847 5432 eorumunitas
861 5376 954 5445 ingerit
971 5379 1154 5445 questionem,
1169 5380 1246 5434 atllri.

458 5473 552 5527 beatur
572 5471 662 5539 regula
685 5471 811 5535 rationis,
832 5468 864 5522 ad
885 5468 960 5538 an'us
979 5471 1172 5541 mqrtalitatrm,
1186 5489 1246 5544 qum

489 5603 660 5665 tt‘iguierlns:
675 5609 699 5652 nt
710 5603 796 5652 iterum
806 5605 839 5653 orl
853 5602 926 5665 ipsos.
943 5599 968 5652 si
984 5614 1063 5659 auten
1074 5621 1113 5659 uos
1124 5615 1195 5659 teum
1205 5618 1248 5660 sn·

457 5673 534 5718 ιιιιιιι.
543 5666 675 5725 castigatur
688 5678 718 5713 cx
732 5671 784 5712 ttss.

492 5729 550 5776 ¹ure
572 5735 622 5774 uss.
637 5725 693 5775 ttllti
705 5738 771 5782 soro,
786 5724 824 5775 ιιι
833 5741 848 5775 o
857 5738 983 5782 uotrrutnte.

492 5789 549 5837 ’.ιιι
561 5796 613 5836 uss.
626 5788 693 5843 inliti,
707 5786 829 5848 repntlnit.

493 5849 650 5920 lriginerius
662 5859 668 5896 :
680 5847 756 5908 ttnjus
772 5847 829 5898 nudi
845 5849 914 5912 enisis
930 5851 1023 5903 lmrdes.
1046 5854 1126 5907 abest.
1142 5865 1247 5916 cupru.a

458 5917 634 5967 posueratis.

491 5970 572 6019 sclar.
585 5980 611 6021 ct
622 5977 676 6019 otor.
689 5978 750 6024 stas..
758 5967 821 6030 josa.

491 6030 579 6103 ξιριο.
591 6031 688 6101 nemin,
701 6039 812 6101 corrupte
825 6032 849 6081 in
862 6034 940 6094 editis,
953 6034 1035 6084 nlintn.

495 6104 499 6121 ·
511 6099 547 6145 ιιι
559 6100 610 6148 uss.
624 6094 691 6152 lldrtl,
703 6091 835 6145 ίιιιιιιιιιιι.

774 642 897 701 bufiols
916 635 1121 695 tttrsttuncrt
1140 632 1277 690 cuatus
1297 633 1475 702 JUleNUbl,
1497 634 1527 691 S.
1547 633 1730 692 tuoustut

1999 635 2069 689 totta

1280 747 1589 816 potabanturdcllexisso
1604 748 1629 814 ¹,
1647 749 1795 805 tendantur.
1809 746 1940 808 Galeruru
1956 738 2070 806 Farrstus

1278 837 1482 894 blauicbaeorum
1506 839 1662 909 episcopus,
1688 847 1834 911 preceptor
1858 847 1934 904 tuns,
1960 838 2010 894 ltoe
2029 841 2069 895 rel

1278 929 1393 984 maxime
1412 930 1532 999 Apostoli
1552 931 1704 985 testimonio
1726 938 1817 984 contra
1835 944 1885 984 nos
1900 930 2009 995 nitinrr,
2026 932 2067 987 di·

1278 1035 1342 1074 ιιιιι
1355 1020 1388 1074 ab
1403 1034 1435 1073 eo
1451 1019 1516 1074 nibil
1529 1020 1599 1075 aliud
1615 1019 1656 1074 lris
1669 1021 1852 1085 sermondus,
1869 1020 1934 1091 legis
1948 1021 2072 1077 videlicet

1278 1126 1337 1181 quiae
1357 1125 1506 1180 repugnans
1525 1112 1636 1165 crinsilio
1654 1111 1680 1165 in
1695 1110 1823 1166 membris
1837 1109 1938 1166 luibitct
1949 1113 1976 1176 ¹,
1990 1128 2069 1183 qurum

1280 1211 1399 1257 rratnram
1414 1202 1510 1256 malam
1524 1202 1697 1272 significatam
1713 1201 1803 1258 luisse.
1818 1203 1893 1258 Unde
1906 1202 1970 1258 nibil
1983 1207 2071 1259 roluns

1279 1308 1295 1347 a
1316 1303 1342 1348 te
1364 1292 1425 1365 beri
1442 1291 1551 1361 debuit,
1575 1309 1653 1363 utram
1667 1293 1710 1348 bie
1722 1294 1796 1347 locus
1807 1294 1845 1348 sie
1859 1294 1968 1365 intelligi
1982 1336 1989 1358 ,
2004 1312 2072 1366 quo·

1280 1385 1360 1440 modo
1374 1385 1408 1440 ab
1421 1384 1473 1439 illis
1486 1385 1640 1454 exponitur,
1656 1401 1690 1439 ne
1702 1427 1712 1457 ,
1724 1401 1783 1439 carm
1800 1399 1846 1454 per
1858 1386 1963 1441 easdem
1976 1387 2070 1452 liucas,

1280 1492 1346 1549 quas
1364 1475 1477 1531 Faustus
1491 1477 1585 1542 torsit,
1600 1475 1760 1546 ingrederis,
1775 1490 1827 1531 nou
1842 1476 2008 1548 disputasse,
2023 1479 2071 1534 sed

1281 1567 1413 1638 practeriu
1427 1565 1574 1621 reddidisse
1586 1565 1710 1620 ridearis.

1317 1659 1385 1716 duo.
1399 1657 1590 1729 llrspondeat⁸
1603 1657 1661 1725 tibi,
1683 1672 1736 1713 noo
1753 1657 1866 1713 Faustus
1887 1657 2071 1722 blanicbaus.

1281 1750 1329 1806 sed
1353 1749 1500 1806 eubottcos
1524 1748 1619 1804 doetus
1641 1746 1820 1818 doctoruoe⁸
1846 1747 1990 1818 Gregorius
2006 1750 2072 1818 :qui

1282 1859 1356 1898 noni
1374 1842 1442 1898 inter
1455 1841 1597 1915 principia,
1615 1858 1624 1890 r
1640 1846 1669 1894 ut
1684 1838 1768 1904 dieis,
1786 1857 1796 1890 r
1812 1837 2026 1899 emendationis,
2043 1839 2069 1892 iu

1283 1934 1409 1990 membris
1419 1933 1504 2004 legem
1518 1947 1566 2003 per
1579 1930 1738 2000 llogitiorum
1749 1943 1825 1983 usum
1839 1929 1938 1984 sanctis
1954 1929 2073 1984 consiliis

1283 2025 1427 2092 rebellem,
1447 2021 1669 2078 consuetudinem
1695 2020 1793 2074 nralam
1808 2020 1942 2085 vocabat,
1967 2034 2026 2089 qua
2039 2018 2073 2072 ab

1283 2118 1396 2174 eruditis
1419 2117 1498 2171 etiam
1514 2115 1566 2170 diei
1587 2113 1656 2168 solet
1679 2109 1795 2166 secunda
1810 2118 1927 2165 natirra:
1949 2109 2021 2165 »sed
2036 2110 2073 2166 le·
2129 2154 2131 2157 .

1284 2227 1343 2282 gem
1357 2209 1456 2281 peccati
1471 2217 1580 2280 quaeest
1603 2205 1629 2259 in
1644 2202 1773 2258 membris
1800 2201 1899 2256 nostris
1922 2215 2074 2271 repugnans

1286 2303 1336 2374 legi
1350 2301 1457 2367 urentis,
1472 2298 1578 2353 mortali
1603 2295 1664 2350 buic
1677 2304 1837 2364 terrenoque
1857 2292 1961 2360 corpori
1982 2300 2074 2347 nostro

1284 2394 1365 2467 plane
1385 2401 1531 2463 aperteque
1553 2385 1685 2442 tribuebat
1707 2384 1836 2451 dicensi
1860 2383 1957 2452 legem
1974 2381 2075 2452 peceati
2114 2424 2132 2458 Α.

1286 2503 1345 2556 qun
1358 2494 1398 2540 est
1413 2484 1439 2538 in
1448 2481 1576 2538 membris
1597 2477 1705 2538 nostris,
1719 2475 1770 2546 legi
1784 2474 1893 2545 spiritus
1906 2487 2073 2546 repugnare,

1286 2577 1349 2632 dnm
1361 2574 1502 2644 imaginem
1517 2572 1616 2642 regiam
1630 2567 1711 2639 'quae
1722 2566 1790 2621 intra
1812 2579 1862 2620 nos
1876 2571 1926 2628 est,
1942 2563 2074 2633 captiuam

1286 2666 1385 2720 ducere
1396 2663 1499 2728 studet,
1517 2674 1546 2715 nt
1560 2660 1653 2730 spoliis
1673 2657 1732 2727 ejus
1746 2655 1833 2720 cedat,
1860 2651 1989 2725 quidquid
2011 2652 2075 2710 illud

1287 2764 1329 2810 est
1344 2752 1414 2824 quiid
1427 2753 1453 2805 iu
1467 2766 1516 2806 nos
1527 2749 1656 2803 beneficio
1672 2747 1768 2802 divina
1780 2759 1811 2798 ac
1824 2745 1918 2814 primm
1927 2744 1998 2799 illius
2010 2758 2076 2799 con·

1287 2844 1396 2900 ditionis
1412 2843 1525 2897 irrbuxit.
1539 2837 1669 2895 Undenis
1683 2836 1788 2906 aliquis,
1804 2853 1814 2887 r
1831 2834 1948 2904 iuquit,r
1965 2835 2077 2890 fortasse

1289 2935 1366 3007 longa
1388 2933 1441 2988 ‘se
1454 2939 1481 2986 et
1502 2928 1619 2984 districta
1634 2941 1731 2998 regens
1754 2923 1940 2996 plrilosoplrla,
1965 2930 1992 2978 el
2011 2938 2077 2994 pau·

1289 3029 1362 3083 latita
1386 3025 1482 3079 arsinoae
1497 3037 1552 3076 snae
1574 3019 1738 3075 nobilitatem
1753 3016 1885 3083 recolens,
1899 3026 2019 3070 naturam
2034 3015 2077 3077 ln·

1288 3120 1338 3186 eis,
1357 3134 1416 3188 qum
1425 3117 1451 3171 in
1467 3129 1496 3169 se
1507 3122 1558 3181 est,
1568 3112 1661 3166 buruili
1675 3110 1736 3165 buic
1745 3119 1772 3165 ct
1785 3108 1928 3164 tenebroso
1940 3107 1996 3161 luto
2014 3120 2079 3172 con·

1287 3211 1389 3283 pineta,
1404 3215 1512 3264 reuocet
1521 3221 1553 3261 ac
1563 3204 1682 3260 rellectat
1694 3202 1728 3258 ad
1739 3203 1833 3258 Deum.
1847 3200 1894 3255 Vel
1908 3201 2010 3255 sicertc
2019 3216 2080 3271 pro-

1291 3303 1355 3373 pitio
1370 3302 1665 3370 normannorumque
1687 3295 1785 3364 pariter
1804 3292 1975 3359 revocabtt²;
1998 3291 2020 3347 si
2041 3302 2079 3348 ta·
2150 3277 2153 3285 ’

1291 3410 1353 3450 men
1366 3393 1443 3462 longa
1456 3399 1483 3446 et
1500 3387 1607 3445 assidua
1633 3386 1805 3443 meditatione
1825 3385 1957 3441 insuescat
1974 3399 2079 3445 sorsum

1291 3499 1400 3554 semper
1412 3481 1544 3552 aspicere,
1560 3487 1587 3534 et
1597 3478 1722 3533 deorsum
1737 3472 1807 3532 ruale
1831 3474 1978 3531 trabentem
1992 3474 2079 3531 aedes

1291 3582 1445 3646 gravantem
1459 3570 1597 3625 materiam
1608 3569 1716 3624 sibimet
1735 3567 1870 3620 astrictam
1885 3565 1968 3621 lrcitis
1983 3564 2082 3619 arctius

1292 3656 1366 3722 ribus
1377 3664 1516 3718 sublevare
1530 3680 1540 3713 ι
1554 3658 1710 3732 (Gregorius
1729 3656 1870 3720 Neriene,
1882 3642 1990 3727 lpotopl
2016 3655 2027 3710 l
2050 3654 2082 3711 ds

1293 3755 1369 3829 Fuga
1383 3752 1452 3827 suo).
1479 3751 1543 3808 llac
1562 3750 1668 3806 dicebat
1684 3748 1777 3804 beatus
1797 3746 1951 3816 Gregorius,
1974 3761 2026 3800 non
2041 3746 2082 3800 tu

1294 3855 1335 3900 ter
1351 3842 1480 3916 principia
1494 3838 1687 3895 emendationis
1701 3852 1772 3898 suae,
1788 3835 1835 3891 sed
1853 3836 1907 3905 jam
1920 3833 2079 3906 episeopus,

1293 3934 1386 3991 rolens
1396 3947 1539 4003 exponere,
1556 3926 1599 3985 sel
1611 3929 1700 3999 potius
1720 3942 1780 3999 quiae
1799 3935 1859 3984 uota
1872 3936 1943 3992 sum,
1954 3925 2081 3979 admoue-

1293 4040 1332 4089 re,
1346 4024 1372 4078 in
1386 4023 1455 4093 uitali
1469 4029 1622 4093 qrrautuipre
1636 4018 1783 4074 certamine
1795 4033 1855 4071 crim
1879 4017 1949 4070 uitiis
1972 4016 2083 4071 interio-

1293 4113 1377 4177 ribus,
1399 4123 1508 4183 proptcr
1525 4125 1622 4180 eorpus
1644 4107 1713 4180 qrtod
1734 4115 1860 4178 aggravat
1873 4107 1999 4171 animun,
2014 4122 2081 4160 cttn·
2122 4157 2125 4161 .

1294 4205 1379 4260 stitoti
1389 4205 1441 4258 sint
1454 4202 1550 4258 sancti.
1566 4200 1642 4268 Quot
1654 4209 1790 4256 certamen
1811 4200 1901 4271 ratique
1924 4215 1976 4253 non
1990 4197 2082 4258 inisset

1295 4297 1375 4351 inillu
1391 4296 1475 4348 licata
1492 4293 1562 4363 pacis
1575 4293 1644 4359 loco,
1657 4291 1682 4345 id
1703 4301 1755 4357 est,
1780 4291 1902 4362 paradiso
1925 4291 2082 4346 deliciarum

1295 4393 1458 4446 structarum,
1470 4383 1491 4437 si
1506 4398 1584 4438 tremo
1596 4391 1741 4451 peccasset.
1752 4380 1809 4436 Non
1824 4381 1894 4436 enirn
1907 4395 2083 4452 eorpusmor·

1296 4475 1330 4529 tis
1344 4476 1422 4542 listins
1436 4473 1471 4527 ibi
1486 4480 1568 4537 esset,
1583 4471 1658 4539 ctrjus
1670 4470 1894 4540 corruptibilitate
1915 4469 2003 4526 artinas
2023 4485 2084 4540 gra-

1296 4574 1402 4620 raretur
1415 4580 1422 4617 :
1434 4563 1480 4618 sed
1496 4577 1593 4632 eorpus
1609 4563 1669 4615 vieo
1682 4562 1763 4626 illius,
1778 4562 1822 4616 ubi
1846 4576 1898 4616 oon
1915 4576 1978 4616 caro
1989 4577 2084 4617 cour-a·

1295 4656 1549 4729 pisccrctadrersus
1564 4655 1700 4724 spiritum,
1721 4663 1750 4709 ut
1768 4668 1879 4708 neeesse
1892 4663 1962 4708 esset
1979 4653 2083 4722 spiritui

1296 4747 1484 4816 concupiscere
1494 4744 1621 4800 aduersus
1633 4759 1741 4798 caruem
1756 4741 1853 4814 (Galat.
1865 4759 1892 4810 s,
1909 4742 1973 4814 ll):
1985 4743 2031 4802 sed
2046 4740 2085 4796 io·

1297 4840 1340 4895 lici
1354 4839 1490 4907 utriusque
1504 4837 1644 4892 concordis
1661 4845 1754 4892 natura
1768 4835 1904 4891 lretarctur
1920 4836 2044 4890 burmann.
2056 4835 2083 4891 st

1296 4929 1533 5002 ergollaniclraeos
1552 4927 1749 4983 introducentes
1774 4926 1852 4979 aliam
1878 4936 1996 4980 naturam
2022 4925 2084 4980 rrtali

1297 5031 1375 5091 atque
1388 5018 1562 5073 substantiam
1583 5031 1734 5087 expugnare
1748 5015 1848 5078 velles,
1865 5032 1918 5069 non
1934 5013 2083 5085 altinum

1298 5110 1416 5181 prolecto
1426 5109 1490 5163 istas
1505 5107 1628 5161 umbribus
1641 5114 1747 5175 apertas
1768 5121 1782 5158 a
1800 5106 1914 5174 paruulis
1928 5105 2084 5175 incipientes

1298 5197 1419 5255 lurrurmar
1432 5199 1493 5251 rita
1506 5197 1627 5251 miserias
1637 5210 1697 5249 cum
1711 5195 1762 5249 tois
1775 5195 1963 5264 deceptoribus
1974 5210 2026 5247 nott
2038 5212 2084 5249 oc·

1297 5307 1385 5363 garos,
1396 5289 1442 5344 scil
1458 5289 1526 5342 rrrrrle
1536 5288 1561 5342 in
1573 5302 1619 5341 cas
1631 5286 1745 5354 collapsa
1754 5287 1789 5340 sit
1800 5297 1889 5340 nostra
1911 5297 2014 5351 nattrra,
2025 5302 2084 5354 qino

1298 5385 1374 5438 beata
1390 5391 1429 5435 est
1444 5379 1566 5450 primitus
1581 5378 1710 5440 instituta,
1722 5392 1781 5429 enm
1796 5376 1934 5432 catlrulicis
1958 5371 2081 5431 iidclibns

1298 5483 1323 5528 et
1338 5471 1546 5542 preclarissimis
1560 5467 1712 5522 doctoribus
1724 5467 1838 5521 diceres.

1333 5562 1414 5619 Lxx.
1426 5563 1486 5617 lca.
1511 5560 1545 5617 Ut
1564 5560 1643 5630 igitur
1655 5557 1725 5629 quud
1742 5559 1846 5627 egimus
1867 5558 2020 5629 colligatur,
2037 5572 2085 5615 nec

1331 5673 1426 5722 *erues
1439 5679 1505 5730 ttae,
1517 5666 1656 5778 deposuisse.

1329 5736 1340 5768 ¹
1352 5735 1387 5783 Sic
1399 5741 1450 5781 llss.
1465 5734 1532 5789 liditi,
1553 5731 1642 5780 rabili.
2096 5770 2099 5775 ,

1326 5796 1340 5867 Ι·
1355 5797 1475 5863 smirnos,
1499 5794 1652 5856 respordent,
1676 5787 1723 5837 bae
1744 5798 1872 5840 revocatur
1895 5803 1927 5840 ex
1953 5787 2088 5845 manuscri-

1315 5869 1354 5905 us.

1299 5871 1313 5919 p
1333 5918 1405 5963 'tiss
1418 5915 1541 5963 otrtiltnttt.
1556 5914 1692 5972 doctorque.

1354 5986 1417 6028 uss..
1432 5983 1530 6031 restitut,
1542 5985 1662 6035 curtiule.

1332 6037 1421 6092 ‘saliti
1435 6038 1481 6085 trrat'
1490 6035 1567 6105 loligo.
1581 6037 1730 6100 itariuscripti
1743 6042 1898 6098 praetactum,
1911 6032 1966 6084 ttt'sl.

1332 6100 1421 6151 'ullu
1439 6104 1563 6147 reuocant.
