4900 6892
353 674 425 729 list

353 788 488 859 Numquid
501 788 561 840 dicit
574 787 719 857 figurerrtuur
733 785 756 840 ei
769 785 811 854 qui
821 800 848 839 re
859 784 942 852 tinuit,
959 781 1093 855 Sapienter
1105 798 1144 836 me

351 880 452 950 finxisti
463 879 476 932 .’
488 879 525 932 rei
542 877 586 947 qui
600 876 659 929 dicit
671 875 748 945 patri,
766 874 834 940 Quid
852 874 1001 945 generalia?
1012 882 1036 928 et
1050 874 1142 936 uratri,

354 968 427 1037 Quid
447 968 571 1039 parturiet
583 966 596 1021 ‚⁹
609 964 675 1032 Quia
686 965 722 1018 sic
742 964 802 1017 dicit
824 962 948 1017 Dominus
969 963 1039 1018 Deus
1061 962 1144 1018 lsrael

351 1070 458 1114 sanctam
469 1058 513 1128 qui
524 1056 581 1128 {ecit
591 1055 677 1125 [utura
688 1070 698 1108 .·
708 1053 867 1124 interrogate
878 1070 916 1108 me
923 1070 968 1125 pro
982 1053 1043 1123 filiis
1055 1054 1144 1107 ureiut

353 1149 468 1218 plinius,
482 1157 505 1204 et
515 1163 560 1217 pro
569 1145 684 1218 operibus
694 1162 814 1199 manuum
822 1160 935 1199 mearum
943 1144 1061 1198 mandate
1071 1130 1144 1207 nitet,

352 1238 415 1313 Ego
427 1241 580 1312 faciterium
594 1247 616 1293 et
638 1240 764 1292 homiuem
774 1254 851 1309 super
864 1254 932 1303 carru·
944 1254 989 1309 eqo
1000 1254 1076 1291 ruauu
1088 1253 1145 1291 urea

353 1332 456 1400 firmari
466 1331 573 1393 eoelum;
584 1346 629 1398 ego
643 1328 756 1384 omuibus
765 1328 888 1383 sideribus
902 1328 1018 1382 mandavi
1030 1344 1040 1382 .-
1052 1344 1096 1398 ego
1106 1327 1144 1382 ie·

351 1421 412 1475 rari
426 1435 483 1474 cum
502 1421 602 1492 justitia
622 1434 705 1490 regem
717 1460 724 1484 ,
738 1427 761 1472 et
774 1435 859 1472 outuer
871 1419 917 1473 uiae
936 1419 989 1488 eius
1002 1427 1090 1480 rectae:
1104 1417 1145 1471 irie

351 1511 491 1579 adificaiit
503 1511 626 1566 ciuitatem
640 1526 737 1577 ureuur,
760 1520 783 1564 et
795 1510 963 1580 captiuitatem
987 1508 1075 1580 popuii
1097 1508 1146 1562 mei

351 1603 467 1672 reducet,
476 1618 526 1657 uou
536 1618 592 1655 cum
604 1602 717 1672 praurio,
729 1618 774 1655 uec
786 1617 843 1655 eum
854 1600 1006 1668 muneribus,
1017 1599 1081 1654 dicit
1093 1598 1146 1654 iio·

352 1693 439 1748 uduur
452 1693 557 1749 taiaotir
566 1692 640 1764 (isai.
654 1708 718 1759 xcv,
732 1694 817 1763 8-15).

390 1784 462 1840 Aac.
473 1784 502 1839 Si
512 1783 674 1854 intelligeres
684 1784 765 1839 rerba
775 1783 926 1854 Propheta,
938 1782 1099 1853 intelligeres
1110 1781 1146 1837 ihi

353 1888 459 1946 regem,
472 1873 506 1930 dc
518 1888 570 1945 quo
580 1874 679 1929 dictum
690 1881 741 1941 est,
760 1873 813 1946 ligo
825 1874 904 1929 imeri
914 1890 971 1928 euru
988 1874 1091 1946 justitia
1110 1890 1147 1927 re-

352 1980 423 2036 gem,
438 1974 462 2018 ct
472 1979 557 2019 omues
568 1965 615 2019 aie
628 1966 682 2036 rjus
694 1974 783 2031 recte,
796 1970 866 2020 hunc
887 1979 948 2020 esse
972 1965 1145 2020 mediatorem

352 2056 406 2113 liei
427 2066 454 2113 et
474 2057 610 2113 hominum
624 2058 759 2114 hominem
770 2058 905 2115 Christum
917 2058 1007 2114 iesum
1022 2075 1029 2114 :
1043 2058 1090 2113 sod
1105 2060 1146 2114 in-

353 2142 491 2220 uittgeres
506 2158 533 2205 nt
553 2150 739 2221 intelligendus
761 2160 812 2206 est.
825 2150 916 2221 Neque
941 2151 1011 2206 enim
1037 2151 1148 2208 audebis

352 2250 420 2292 euru
433 2238 523 2296 dicere
535 2240 744 2310 precedentibus
755 2255 865 2311 operum
879 2241 981 2297 meritis
994 2240 1089 2296 Filium
1101 2241 1147 2295 liei

352 2329 455 2389 iactum
474 2331 509 2386 alr
521 2331 616 2398 initio,
630 2333 656 2388 id
668 2342 719 2401 est,
740 2333 878 2404 avirgluis
894 2344 980 2389 utero.
1002 2332 1059 2402 Qua
1084 2347 1148 2402 ergo

353 2420 441 2491 gratia
456 2420 535 2476 bomo
547 2421 591 2476 iiic
600 2422 633 2477 ab
644 2423 719 2477 initio
732 2421 968 2489 lactusestbonus,
981 2422 1073 2477 eadem
1086 2436 1146 2492 gra-

353 2510 391 2565 tia
405 2509 529 2567 homiues
543 2513 586 2581 qui
597 2520 659 2567 suut
671 2512 855 2582 membraejus
868 2528 901 2567 ex
914 2513 992 2567 maiis
1001 2511 1147 2567 duntboul.

354 2599 425 2668 Quid
448 2602 521 2657 euim
541 2600 636 2655 dicatis
649 2601 682 2656 de
696 2600 802 2657 Christo
825 2602 970 2657 secundum
995 2601 1147 2668 hominem,

354 2704 411 2745 uon
423 2689 561 2755 invenitis,
576 2690 601 2744 iri
615 2699 666 2757 est,
678 2691 823 2746 seeundum
839 2691 864 2746 id
879 2691 950 2763 quod
959 2691 1075 2748 Verbum
1087 2706 1150 2748 caro

355 2781 456 2837 fimum
469 2790 526 2837 eet:
539 2782 608 2853 quod
617 2781 661 2837 iiie
670 2782 715 2850 qui
729 2782 799 2837 licus
811 2791 883 2849 crat,
899 2791 926 2837 et
937 2782 1007 2837 Deus
1018 2782 1113 2836 mansit
1123 2791 1150 2836 et

356 2874 439 2932 homo
453 2873 538 2930 iacttrs
549 2885 606 2941 est;
620 2875 690 2945 quod
705 2873 761 2944 ipse
774 2874 855 2929 homo
879 2889 1013 2944 nunquam
1041 2875 1076 2928 ita
1098 2874 1148 2929 luit

356 2964 459 3033 Muto,
475 2975 568 3019 utnon
581 2973 653 3020 esset
679 2964 828 3035 unigenitus
852 2964 899 3019 liei
920 2963 1020 3030 Filius,
1041 2972 1148 3034 propter

356 3055 523 3128 unigenitum
537 3053 663 3111 Verbum.
677 3053 768 3125 Neque
775 3054 939 3109 cnimutlroc
952 3063 1033 3121 esset,
1044 3068 1147 3109 morum

357 3160 470 3202 suonam
484 3145 519 3201 tie
531 3145 636 3215 propria
651 3145 954 3201 voluntaterenieutium
963 3145 1063 3201 meritis
1072 3159 1149 3200 com·

355 3236 463 3307 pararit
474 3254 481 3289 :
491 3235 556 3301 sed,
574 3236 643 3291 sicut
656 3250 747 3290 rerum
762 3235 829 3291 dixit
843 3236 1014 3300 Ambrosius,
1029 3235 1103 3306 quasi
1115 3235 1149 3291 de

354 3323 541 3394 Spiritunatus
555 3324 683 3379 abstinuit
694 3339 709 3378 a
722 3323 820 3380 delicto
836 3323 885 3397 (a).
903 3324 1029 3394 Alioquin
1045 3340 1144 3380 socun-

355 3414 423 3471 dum
431 3429 489 3479 ros,
503 3414 578 3470 multi
590 3423 681 3470 essent
693 3414 771 3482 talos,
782 3413 804 3468 si
819 3427 880 3470 esse
893 3413 1150 3483 minimorumque

355 3516 388 3561 ιιι
403 3506 448 3560 iiie
462 3505 522 3560 tuiis
537 3506 545 3537 ¹
562 3506 667 3560 nonnisi
689 3519 757 3560 uuus
775 3513 863 3571 esset,
877 3506 903 3559 in
917 3512 1048 3575 potestate
1062 3504 1149 3559 homi-

356 3611 425 3653 uum
440 3595 507 3662 luit,
520 3597 565 3666 qui
575 3597 640 3652 tales
652 3610 712 3653 csse
726 3596 887 3652 noluerunt:
902 3612 962 3666 quae
979 3597 1002 3651 si
1015 3595 1150 3651 attenditis

355 3695 459 3757 quauta
470 3686 607 3755 impietate
619 3686 751 3752 dicautur,
768 3686 808 3742 rei
823 3686 901 3741 tacita
915 3685 1075 3756 cogitatione
1089 3700 1149 3740 cre·

355 3777 473 3840 dantum
487 3776 556 3832 sicru
568 3776 711 3846 agnoscitis
723 3774 856 3846 Unigeniti
872 3784 1010 3839 naturam,
1032 3776 1103 3846 qood
1119 3778 1145 3832 in

355 3866 489 3939 principio
499 3875 556 3921 erat
569 3866 695 3930 Verbum,
711 3874 739 3921 et
753 3865 870 3922 Verbum
886 3875 943 3921 erat
953 3866 1023 3936 apud
1045 3868 1147 3935 licum,

357 3965 388 4013 et
400 3956 469 4012 lietu
477 3967 535 4012 erat
544 3955 659 4012 Verbum
669 3973 677 4022 ;
688 3958 823 4027 agnoscite
836 3968 864 4011 et
876 3958 1150 4026 gratiam,quod·l'er·

354 4046 422 4103 hunt
434 4061 498 4102 caro
510 4047 607 4102 tamam
618 4055 669 4113 cst,
685 4056 712 4102 et
722 4047 848 4101 babitarit
860 4047 887 4100 in
898 4047 974 4102 uobis
985 4046 1073 4117 (Jaau.
1088 4064 1106 4112 r,
1122 4049 1148 4116 l,

358 4137 416 4210 il).
439 4137 485 4194 iiie
513 4139 672 4208 igiturquos
695 4136 818 4206 dignatur
836 4146 929 4202 uocat,
943 4147 970 4191 et
993 4151 1073 4206 quern
1096 4137 1151 4192 ruit

356 4231 513 4302 religiosum
527 4229 589 4284 lacit
601 4228 768 4300 (Autonoeius,
781 4226 853 4282 titt
869 4229 895 4282 iu
910 4227 972 4282 Luc.
987 4228 1090 4299 auid),
1105 4231 1150 4300 qui

355 4323 494 4378 hominem
509 4337 588 4394 quem
602 4321 695 4387 uoluit,
711 4335 792 4375 unum
806 4316 863 4375 siue
885 4321 945 4375 uilis
961 4323 1083 4376 irumamu
1104 4338 1150 4378 ro·

355 4414 469 4469 luntatis
481 4413 693 4482 praecedentibus
703 4410 805 4467 meritis
820 4412 993 4467 mediatorem
1006 4413 1053 4468 liei
1066 4423 1092 4469 ct
1102 4412 1151 4468 bo-

356 4506 461 4561 minum
477 4506 548 4560 iecit.

394 4594 539 4650 cmix.
551 4595 612 4651 iot.
628 4594 655 4650 in
669 4595 720 4650 iroc
734 4595 814 4666 igitur
827 4596 886 4651 ioco
896 4596 938 4651 iric
948 4610 1053 4662 sensus,
1066 4611 1150 4666 quau-

357 4699 417 4745 tum
430 4697 534 4758 spectat
546 4688 580 4743 ad
595 4688 744 4753 historiam,
758 4689 919 4755 continetur,
935 4700 963 4744 ut
979 4690 1047 4745 heus
1059 4692 1151 4761 loqua-

358 4779 449 4834 turad
465 4779 590 4848 populum
607 4779 695 4847 :Quia
716 4794 766 4834 nec
786 4776 847 4835 odio
858 4795 905 4835 ros
926 4780 953 4834 in
973 4782 1150 4850 captia-itatem

358 4871 475 4937 tradidi,
490 4885 540 4925 ucc
553 4885 622 4925 nunc
634 4870 766 4925 oblivione
779 4870 870 4939 iudicii
888 4870 921 4925 de
938 4871 1048 4925 vinculis
1064 4871 1150 4943 liairy‹

358 4963 455 5019 ionica
470 4961 632 5032 captiuitatis
650 4961 754 5026 exemi,
770 4960 817 5016 sed
831 4976 898 5032 ego,
920 4962 1088 5030 quantumin
1108 4977 1151 5018 rue

357 5062 420 5120 est,
436 5062 542 5124 paratos
554 5055 564 5083 ¹
577 5052 632 5122 jugi
648 5067 695 5106 ros
708 5051 892 5107 benevolentia
907 5051 1059 5116 coniorcre,
1074 5050 1151 5118 justi-

357 5146 407 5201 ttae
421 5159 489 5201 meae
504 5154 591 5198 manen
613 5142 711 5207 debui,
734 5151 763 5196 ut
782 5152 810 5197 et
830 5141 1014 5211 delinquentes
1032 5140 1150 5196 hostibus

358 5234 505 5296 traderem,
524 5244 549 5288 ct
562 5247 710 5288 recrearem
731 5232 924 5300 liberaremque
937 5240 1055 5286 renatos.
1073 5233 1148 5287 Sicut

358 5327 433 5384 euim
457 5324 602 5380 rusticandi
624 5338 724 5394 gnarus
747 5337 800 5376 uon
824 5337 931 5391 sempor
957 5336 1009 5375 uno
1032 5322 1152 5377 imminet

359 5418 454 5489 operi,
474 5424 504 5472 ut
521 5416 586 5471 solis
607 5414 689 5470 itudat
711 5429 773 5468 arva
794 5412 963 5477 dentalibus;
979 5413 1026 5468 scd
1046 5413 1151 5469 diuerso

358 5523 461 5584 genere
479 5508 573 5563 rodrae
591 5502 721 5560 icrtllitati
736 5504 747 5537 ⁸
763 5521 824 5560 rora
841 5505 977 5574 coruponit
993 5521 999 5557 :
1017 5505 1052 5559 ita
1072 5506 1151 5570 etiarn

360 5616 414 5673 ego
427 5597 655 5669 dispensationum
676 5596 747 5651 uices
768 5600 851 5661 vario,
873 5605 902 5649 ut
922 5603 975 5648 tutu
1000 5595 1150 5663 pressuris,

361 5706 420 5750 tum
430 5685 825 5748 consolationibusrolunurtom
837 5697 951 5741 rostram
965 5684 1081 5755 irugibus
1091 5700 1153 5754 pos·

396 5804 404 5834 ¹
418 5798 551 5856 benardus,
560 5803 630 5860 atque
639 5803 666 5847 ut
680 5794 734 5846 iiior
744 5802 812 5846 taes.
824 5794 976 5858 viguierius,
988 5799 1060 5857 atque
1071 5793 1152 5858 utique

359 5863 433 5917 tuias.
445 5860 606 5912 emendantur
617 5872 649 5908 ex
660 5858 873 5919 manuscriptorum
885 5855 941 5905 ilde.

395 5927 406 5958 ⁸
418 5923 486 5981 editi,
498 5926 596 5985 puatru
606 5932 666 5969 uiua.
676 5915 760 5978 sitast,
771 5929 833 5975 aaut,
844 5930 857 5966 a
869 5917 1041 5979 rmrruseriptis.

399 5985 491 6042 ⁸saliti,
504 5980 640 6046 fertilitatis.
651 5989 687 6028 its
700 5978 767 6035 ilar..
780 5976 903 6040 [erblitati.

395 6048 435 6157 (pp
453 6045 512 6095 tide
532 6054 613 6104 supra,
635 6049 669 6091 bc
687 6048 726 6097 am
737 6041 777 6089 tiis
795 6047 820 6088 et
838 6039 1049 6100 turicrqiscrntia,
1069 6037 1109 6088 lib.
1130 6039 1151 6099 l,

361 6122 392 6160 m
436 6142 442 6156 .

1038 667 1139 724 trusit
1158 667 1296 727 cultius.

1457 609 1464 617 .
1556 614 1648 650 '⁹⁸⁸0-

1915 678 1986 734 lii!

1198 782 1248 836 sim
1261 791 1354 852 aptare
1364 781 1482 853 iustitie.
1499 784 1635 857 lienique,
1657 794 1687 841 ut
1710 786 1863 859 intelligatis
1885 799 1983 859 quanta

1198 871 1325 940 aequitate
1340 886 1416 943 agam
1430 873 1586 941 vobiscum,
1602 890 1708 947 possem
1725 878 1923 935 mussitationes
1941 894 1987 934 re-

1197 972 1267 1017 stras
1281 978 1329 1033 pro
1342 974 1472 1033 potestate
1484 965 1639 1037 despicere,
1660 977 1689 1024 ut
1702 969 1770 1025 sicot
1784 969 1863 1039 liguio
1875 969 1987 1039 ligmer-

1199 1062 1253 1108 tum
1273 1069 1349 1109 soum
1371 1055 1458 1111 dicere
1482 1072 1534 1112 non
1562 1068 1664 1128 potest:
1691 1060 1760 1127 Quid
1787 1060 1874 1117 iecisti
1890 1061 1921 1112 ἰ
1949 1062 1984 1115 ita

1197 1145 1277 1200 etiam
1291 1145 1365 1200 robis
1383 1146 1479 1202 silentii
1500 1148 1603 1217 pondus
1615 1149 1779 1220 imponerem
1796 1169 1803 1205 ε
1820 1160 1907 1206 tamen
1921 1167 1988 1206 cou-

1198 1242 1239 1288 tra
1254 1233 1311 1288 trac
1323 1235 1444 1305 exempla
1459 1249 1575 1306 provoco
1591 1252 1657 1302 vos,
1678 1247 1707 1293 ut
1724 1254 1774 1309 pro
1792 1238 1855 1295 liliis
1872 1242 1938 1296 meis
1961 1250 1988 1294 ct

1198 1325 1312 1392 irliabus,
1332 1327 1356 1381 id
1372 1335 1422 1393 est,
1436 1343 1484 1397 pro
1497 1330 1572 1384 robis
1585 1340 1613 1385 ct
1626 1332 1751 1400 operibus
1766 1347 1892 1386 urarmum
1912 1348 1985 1388 urea*

1198 1430 1256 1470 urm
1270 1430 1314 1469 me
1328 1417 1507 1486 interrogetis,
1521 1428 1548 1472 ct
1559 1417 1679 1487 discatis,
1691 1430 1773 1475 totum
1787 1422 1925 1492 mcjuste,
1937 1436 1988 1476 acc

1197 1504 1339 1574 quidquam
1354 1520 1468 1576 unquam
1483 1509 1493 1538 ¹
1506 1508 1601 1564 iecisse
1614 1509 1768 1564 crudeliter.

1233 1597 1301 1653 Aac.
1309 1597 1385 1666 Quod
1397 1597 1521 1666 visdicis,
1532 1615 1584 1654 non
1597 1600 1667 1669 quod
1677 1600 1746 1656 dixit
1759 1601 1856 1658 isaias:
1869 1603 1914 1657 ilio
1923 1617 1986 1673 gra-

1199 1686 1263 1742 tiam
1275 1687 1403 1757 ioquitur,
1417 1697 1509 1744 contra
1522 1704 1602 1759 quam
1615 1699 1642 1746 tu
1657 1691 1785 1762 loqueris.

1233 1777 1311 1834 CXL.
1326 1778 1386 1835 iac.
1402 1780 1436 1835 Et
1448 1795 1464 1834 a
1476 1781 1608 1852 Propheta
1622 1797 1695 1854 crgo,
1712 1794 1740 1839 et
1752 1785 1787 1840 ab
1800 1786 1944 1855 Apostoto,
1960 1786 1986 1840 in

1198 1872 1348 1942 exemplum
1360 1872 1489 1928 adductus
1500 1882 1542 1929 est
1560 1873 1671 1944 ligulrrs,
1692 1875 1758 1930 nihil
1778 1875 1849 1931 aliud
1863 1876 1987 1945 prebitu-

1198 1978 1263 2028 rus,
1282 1978 1361 2033 quam
1382 1966 1587 2033 comparationis
1610 1966 1744 2034 oillcium;
1768 1983 1823 2023 nou
1847 1977 1935 2023 muron
1959 1978 1988 2024 ut

1199 2061 1253 2107 mm
1268 2052 1334 2108 riics
1343 2053 1412 2123 apud
1424 2054 1507 2110 licum
1520 2069 1581 2112 esse
1599 2055 1722 2112 homines
1735 2058 1894 2125 indicentur,
1906 2073 1985 2129 quam

1199 2142 1290 2211 argilla
1312 2150 1354 2198 est
1376 2143 1403 2198 in
1426 2142 1533 2200 ioruace
1554 2154 1582 2201 et
1601 2149 1665 2201 orbe
1687 2147 1837 2217 ligulorum.
1860 2148 1987 2207 amunta

1199 2231 1249 2288 hac
1264 2233 1429 2303 expositione
1441 2249 1520 2304 quam
1535 2236 1727 2304 praemisimus,
1752 2237 1932 2294 admonemus
1941 2244 1989 2292 er·

1199 2325 1316 2380 cundum
1337 2327 1582 2398 interpretationem
1605 2340 1741 2385 recentem
1764 2330 1791 2385 la
1812 2330 1907 2386 eodem
1928 2330 1988 2385 ioco

1200 2414 1271 2470 aliud
1283 2417 1413 2472 relucere.
1427 2418 1531 2486 ilorate,
1547 2420 1649 2490 iuquit,
1662 2419 1729 2486 caii,
1742 2421 1861 2490 desuper,
1872 2430 1896 2475 et
1910 2419 1988 2474 imber

1201 2504 1290 2575 pluant
1297 2506 1397 2575 justum
1407 2525 1417 2574 ,·
1427 2510 1555 2578 aperiatur
1564 2519 1640 2575 terra,
1651 2520 1673 2565 et
1685 2514 1806 2581 germinet
1818 2511 1987 2576 Salinatorem,
2008 2546 2015 2554 -
2029 2550 2035 2564 ,

1200 2604 1225 2649 et
1234 2596 1336 2666 justitia
1349 2598 1445 2652 anatur
1459 2599 1534 2654 ιιίιιιιι
1548 2615 1558 2653 .·
1570 2616 1614 2671 eqo
1629 2600 1753 2655 iiominur
1765 2601 1847 2656 creari
1860 2618 1927 2656 eum.
1947 2601 1990 2657 ta

1200 2688 1243 2754 qui
1255 2687 1405 2742 contradicit
1416 2689 1508 2758 luctui
1520 2705 1576 2758 suo,
1588 2699 1651 2745 terta
1665 2691 1696 2745 de
1707 2692 1794 2746 sarrriir
1805 2702 1878 2747 terroe
1891 2708 1901 2747 .·
1914 2709 1989 2746 uuar-

1200 2779 1261 2849 quid
1274 2779 1334 2833 dicit
1348 2781 1429 2835 lutum
1441 2782 1520 2853 figulo
1533 2799 1591 2840 ruo.
1619 2784 1687 2849 Quid
1700 2785 1788 2854 facis?
1806 2793 1829 2840 ct
1841 2801 1905 2856 aput
1917 2794 1989 2839 tuuru

1199 2865 1292 2937 uirque
1305 2868 1420 2925 nraniiur
1433 2880 1468 2925 eet
1483 2870 1560 2943 (irai.
1581 2889 1648 2941 aar,
1662 2873 1695 2938 8,
1711 2874 1763 2942 9)?
1780 2874 1881 2943 Quibus
1902 2877 1990 2931 verbis

1200 2959 1251 3013 etsi
1264 2960 1409 3016 secumdum
1426 2962 1563 3019 historiam
1575 2964 1662 3036 Cyrus
1675 2982 1742 3034 rex,
1757 2968 1905 3024 medardum
1927 2984 1987 3039 pro-

1201 3047 1318 3118 phetiam
1348 3059 1439 3108 tamen
1464 3052 1612 3110 incarnatio
1639 3056 1786 3112 saltatoris
1812 3059 1988 3128 exprimitur;

1200 3139 1386 3210 quiquoniam
1407 3150 1465 3197 erat
1478 3142 1513 3199 de
1533 3146 1635 3217 uirgine
1649 3148 1817 3214 nasciturus,
1837 3148 1990 3204 iudeorum

1200 3237 1228 3285 et
1241 3230 1359 3285 omnium
1373 3231 1519 3287 infidelium
1542 3236 1684 3291 obstinatio
1702 3239 1877 3306 convenitur,
1891 3256 1925 3294 nc
1937 3241 1991 3295 siut

1201 3319 1284 3389 signis
1303 3320 1424 3376 tidelibus
1444 3323 1606 3390 perduelles.
1627 3325 1692 3382 Cum
1707 3329 1779 3382 euiru
1799 3330 1989 3398 praemisisset,

1201 3408 1336 3479 Aperiutur
1359 3420 1435 3479 terra,
1459 3423 1483 3467 et
1502 3416 1623 3482 germinet
1647 3415 1823 3484 Salinatorem,
1849 3429 1873 3474 et
1889 3421 1990 3492 justitia

1200 3500 1298 3553 amatur
1309 3500 1394 3554 simui.
1408 3499 1465 3572 Ego
1478 3501 1612 3571 Iiouuuur,
1628 3505 1728 3576 inquit,
1742 3511 1824 3563 creaui
1835 3526 1901 3565 eum.

1237 3591 1305 3646 tara.
1320 3591 1368 3646 iiic
1390 3591 1456 3646 mihi
1474 3594 1570 3662 quibus
1587 3597 1712 3664 operibus
1730 3598 1781 3654 lroc
1800 3601 1897 3654 meruit
1911 3602 1990 3657 bomo

1200 3679 1430 3747 chersonitarum
1445 3692 1535 3753 etqua
1552 3683 1654 3753 justitia
1669 3686 1715 3741 liei
1735 3688 1807 3744 solus
1821 3687 1871 3744 boc
1884 3705 1990 3746 rucruc·

1200 3769 1252 3834 rit,
1271 3769 1340 3824 aude
1359 3768 1483 3840 ⁸garrire
1499 3789 1506 3826 :
1521 3780 1567 3827 aut
1582 3774 1605 3828 si
1622 3788 1674 3828 non
1687 3775 1787 3844 audes,
1805 3778 1911 3834 undem
1927 3795 1990 3850 gra·
2039 3836 2042 3843 ,

1201 3859 1264 3913 tiam
1277 3859 1337 3916 sine
1354 3860 1456 3916 meritis
1475 3861 1619 3930 confitere,
1633 3879 1685 3920 uon
1700 3867 1786 3922 solum
1808 3869 1989 3926 remittentem

1201 3957 1308 4019 peccata
1323 3949 1433 4015 homini,
1445 3954 1627 4008 verumetiam
1641 3953 1666 4008 in
1681 3966 1773 4013 natura
1786 3957 1901 4015 hunraua
1911 3961 1989 4030 justi·

1202 4038 1265 4092 tiam
1279 4048 1371 4094 sancto
1391 4039 1492 4110 Spiritu
1515 4041 1668 4098 facientem.
1688 4044 1745 4101 Non
1764 4049 1834 4103 enim
1849 4059 1876 4105 ct
1888 4048 1989 4104 homiui

1200 4125 1308 4183 Christo
1320 4129 1403 4198 gratia
1417 4138 1523 4199 peccata
1534 4131 1643 4199 dimisit,
1657 4143 1765 4190 autnon
1778 4152 1838 4194 eum
1851 4139 1934 4209 gratia
1950 4150 1990 4193 ta·

1202 4217 1254 4273 lcm
1270 4218 1352 4287 lecit,
1369 4228 1399 4273 ut
1412 4220 1446 4273 ab
1461 4221 1537 4277 initio
1547 4237 1654 4292 sempor
1664 4235 1735 4281 esset
1749 4227 1853 4293 bouus,
1871 4230 1939 4284 sicut
1955 4231 1989 4285 ab

1201 4311 1277 4366 initio
1298 4326 1404 4382 semper
1426 4311 1473 4367 liei
1495 4312 1588 4367 Filius.
1613 4315 1745 4381 Prorsus,
1769 4318 1837 4372 sicut
1860 4319 1988 4375 admoniti

1201 4411 1275 4467 sunt,
1296 4400 1340 4470 qui
1365 4401 1391 4454 iu
1413 4415 1505 4456 cremo
1525 4411 1678 4472 sementum
1703 4406 1835 4461 morsibus
1858 4408 1989 4471 ietiraiitor

1201 4491 1377 4558 vorabantur,
1390 4500 1418 4546 ut
1430 4491 1503 4546 ilium
1516 4493 1561 4563 qui
1575 4494 1600 4547 in
1611 4496 1686 4566 signo
1697 4496 1827 4552 exaltatus
1841 4498 1936 4565 iuerat,
1950 4510 1988 4555 at·

1201 4582 1351 4648 tenderent,
1365 4582 1530 4652 reperirent
1546 4582 1639 4655 (Nuur.
1650 4602 1705 4653 aar,
1720 4586 1777 4658 isli)
1795 4605 1802 4641 ι
1818 4588 1853 4643 ιιι
1866 4599 1928 4644 suut
1941 4592 1988 4645 ad·

1201 4672 1337 4738 monendi,
1352 4673 1396 4742 qui
1416 4675 1512 4729 uostris
1529 4674 1751 4745 disputationibus
1766 4692 1946 4749 venenantur,
1962 4691 1989 4738 ut

1201 4760 1337 4818 Christum
1351 4764 1532 4828 attendant,et
1541 4767 1566 4821 in
1577 4767 1648 4824 illius
1657 4769 1931 4828 irominisntcdiutoris
1944 4775 1989 4845 ju-

1201 4855 1272 4908 stitia
1284 4855 1395 4924 gratiam
1412 4856 1470 4911 siue
1483 4858 1584 4912 meritis
1602 4859 1728 4927 videant,
1747 4862 1816 4918 uudc
1832 4879 1846 4916 a
1861 4878 1890 4919 sc
1907 4868 1988 4921 uestri

1201 4946 1256 5000 oris
1274 4946 1346 5000 rirus
1362 4947 1512 5002 excludant.
1536 4949 1654 5019 lienique
1674 4951 1700 5004 iu
1721 4954 1810 5009 uerbis
1824 4954 1984 5027 Prophetae,

1202 5038 1281 5092 etiam
1306 5037 1451 5094 secundom
1479 5051 1611 5096 recentem
1637 5042 1882 5113 interpretationem
1908 5066 1986 5120 quarn

1201 5129 1415 5184 commemorasti
1435 5129 1478 5183 ubi
1498 5131 1647 5188 evidentius
1660 5135 1833 5205 prophetatus
1851 5147 1893 5194 est
1909 5140 2003 5195 Chri.

1201 5230 1269 5287 stus,
1285 5235 1335 5274 uon
1348 5219 1408 5274 iude
1420 5223 1586 5291 assumpsisti
1597 5224 1667 5279 unde
1677 5226 1836 5296 disputares,
1853 5229 1904 5283 nisi
1917 5232 1988 5299 quod

1202 5330 1234 5371 ex
1250 5314 1350 5384 uirgine
1365 5321 1506 5380 natusest,
1519 5316 1578 5385 quia
1591 5316 1687 5371 dictum
1701 5326 1752 5384 ost,
1766 5318 1901 5391 iperiani
1910 5331 1987 5388 terra,

1202 5413 1225 5458 et
1240 5403 1359 5473 germinet
1372 5400 1529 5457 Saloatoreur
1543 5420 1552 5458 :
1566 5404 1599 5458 dc
1609 5405 1709 5472 justitia
1721 5422 1784 5463 tero
1794 5408 1862 5478 ejus,
1872 5426 1932 5481 qum
1946 5399 1999 5467 iric¹

1203 5495 1302 5564 pariter
1312 5492 1484 5561 praenomine
1498 5501 1550 5559 cst,
1565 5492 1631 5547 nihii
1644 5494 1734 5553 dicore
1748 5497 1854 5556 noluisti
1865 5517 1872 5566 ;
1883 5516 1944 5557 cum
1959 5511 1987 5556 tu

1203 5585 1283 5639 rerba
1298 5585 1353 5653 ipsa
1367 5583 1520 5652 prophetica
1536 5586 1720 5653 proposucr'm,
1744 5589 1787 5644 ulti
1803 5591 1857 5657 ait,
1874 5593 1984 5656 iiornte,

1203 5677 1268 5742 coeii,
1282 5677 1397 5745 desuper,
1410 5684 1434 5729 et
1447 5675 1523 5730 uuircr
1538 5676 1626 5746 piuant
1635 5679 1888 5753 justatm1nperintur
1902 5694 1984 5745 terra.

1204 5778 1227 5823 et
1238 5767 1356 5839 gerruiuet
1368 5765 1544 5832 saluatorem,
1565 5777 1588 5821 et
1598 5769 1698 5837 justitia
1716 5773 1813 5827 oriatur
1830 5774 1914 5827 airrml.
1940 5773 1986 5827 tite

1222 5877 1402 5953 ‘iotiguioriuq
1415 5873 1472 5939 qaid
1483 5888 1521 5945 me
1537 5876 1614 5988 peristi
1633 5880 1690 5931 st'c?
1707 5882 1864 5945 uaummtpti,
1880 5879 1943 5941 (tut‘d
1953 5884 1983 5945 ie-

1204 5937 1278 5988 ctstt!
1288 5950 1343 5993 uec,
1352 5950 1401 5993 rte,
1416 5949 1469 5989 nec.
1482 5950 1527 5996 ste,
1548 5940 1638 5989 raboni.

1236 6002 1412 6058 ¹us.ttar.,uee
1429 5998 1559 6061 qrddquum
1573 6003 1665 6063 sociarat
1678 6002 1805 6054 arridaiiter·
1812 6017 1821 6064 ,·
1833 6004 1930 6067 onusso,
1946 6017 1988 6054 uu·

1205 6073 1291 6170 tigit&
1299 6127 1355 6173 tiss.
1366 6119 1424 6172 editt
1436 6133 1504 6188 tero,
1516 6123 1598 6175 audes.
