4900 6892
408 663 479 720 tots

408 778 554 834 seminatus
575 784 601 831 et
618 783 760 845 conceptus
783 772 816 827 de
835 773 989 842 parentibus
1010 774 1133 844 sumpsit,
1152 788 1199 843 per

409 848 481 920 qttod
496 847 654 902 adulterium
667 855 694 900 et
706 843 876 899 homicidium
893 845 996 912 propria
1018 853 1124 912 peccata
1139 860 1199 912 per-

408 920 463 990 egit
479 920 499 970 ¹.
520 923 585 970 ιιιιιι
599 916 669 970 cuim
685 916 846 984 subjungens
859 914 953 983 iuquit,
973 913 1038 967 Eece
1054 916 1119 968 eninr
1132 915 1198 968 reri·

409 997 485 1042 tatnn
501 983 705 1056 dilexistill'sal.
721 1000 746 1051 c,
758 985 785 1050 ¹l,
799 984 845 1054 bl:
864 992 969 1053 peccata
985 987 1089 1053 propria
1106 986 1198 1039 roluu-

410 1067 463 1112 tate
486 1055 629 1111 commissa
656 1054 762 1109 latetur.
790 1054 857 1122 Quia
886 1055 1025 1108 ueritatem
1055 1054 1121 1109 dicit
1145 1055 1198 1108 Deo

457 1128 554 1190 nitens,
569 1125 674 1196 quaudo
686 1125 749 1179 nibil
765 1124 802 1178 illi
816 1125 849 1178 de
862 1125 1011 1177 commissis
1022 1124 1077 1177 suis
1090 1124 1197 1179 sceleri·

428 1213 460 1252 us
472 1198 540 1252 celat
555 1215 561 1248 ε
577 1211 629 1250 non
648 1197 717 1265 quod
735 1195 784 1249 etsi
798 1195 933 1249 voluntate
951 1194 1077 1249 celaverit
1092 1195 1113 1259 ¹,
1129 1195 1198 1249 licus

356 1287 361 1303 ·
409 1267 529 1339 ignoret,
544 1266 591 1322 sed
604 1267 742 1322 veritatem
758 1264 808 1319 sibi
820 1265 854 1318 ab
866 1278 898 1318 eo
912 1264 964 1318 diei
974 1266 1038 1321 ruit.
1055 1272 1083 1317 ut
1093 1265 1196 1319 reniam

407 1347 587 1406 consequatur
600 1353 606 1389 :
617 1337 638 1390 si
647 1343 807 1390 reromente
818 1335 851 1388 ali
872 1349 905 1388 na
913 1334 1068 1396 exciderint,
1077 1335 1198 1388 eontiteri

406 1409 546 1462 ueritatem
561 1407 620 1472 bei,
639 1416 668 1460 ut
685 1421 745 1460 cum
760 1351 941 1473 generaliter³
961 1404 1037 1470 dixit,
1058 1405 1138 1469 licus,
1152 1407 1198 1475 qui

407 1479 477 1533 nosti
488 1477 591 1532 occulta
605 1476 702 1540 cordis,
715 1486 742 1529 tu
754 1476 895 1544 scisopera
908 1489 976 1539 mea,
992 1482 1019 1529 ct
1031 1474 1126 1529 delicta
1139 1490 1198 1530 mea

407 1562 424 1602 a
438 1555 465 1603 te
480 1563 531 1601 aon
544 1557 606 1602 sunt
619 1545 774 1601 abscondita
787 1543 872 1626 (Paul.
887 1560 979 1611 ιιιιιι,
990 1543 1029 1614 b),
1045 1545 1140 1614 qulbus
1153 1558 1198 1599 rc·

408 1614 480 1672 triam
494 1617 621 1687 largiaris.
644 1617 679 1670 Et
695 1616 751 1671 haee
764 1625 853 1686 utrque
867 1623 909 1669 est
925 1616 1023 1670 ueritas
1035 1615 1196 1681 confitentis,

408 1703 488 1759 quam
501 1687 585 1758 diligit
599 1688 678 1742 Deus.

443 1781 471 1835 2.
493 1780 551 1835 Era
568 1796 632 1850 ergo
649 1790 786 1852 peccatum
803 1794 817 1832 a
833 1779 938 1834 diabolo
955 1778 1094 1843 mutuavit,
1113 1777 1196 1831 Adam

407 1865 540 1906 consensu
561 1852 711 1907 cautionem
734 1851 806 1915 iecit,
832 1865 911 1904 usura
933 1850 1079 1919 posteritati
1102 1849 1196 1902 crerit.

408 1918 476 1977 lline
496 1931 536 1976 εει
556 1927 585 1975 ut
604 1920 691 1975 inians
705 1921 731 1974 in
750 1929 825 1975 utero
847 1919 939 1974 matris
959 1918 1126 1974 haereditario
1138 1918 1198 1987 jure

407 1992 566 2047 eotrstrictus
579 2001 641 2046 aute
660 1991 797 2062 promittat
810 1989 938 2053 debitum,
954 2003 1032 2060 quam
1047 1989 1197 2043 cautionem

408 2061 490 2129 patris
499 2069 634 2129 agnoscat,
645 2061 686 2115 rcl
698 2060 844 2115 dubitarem
855 2060 1099 2129 etiarngenitorern.
1114 2058 1197 2126 liujus

407 2130 576 2200 elrirograpbi
592 2145 678 2185 usurae
690 2139 761 2196 sunt,
777 2129 828 2184 ittae
841 2129 1037 2199 malignissime
1050 2128 1195 2197 passiones,

427 2199 503 2254 uibus
519 2210 570 2253 tam
586 2200 715 2270 majorum
730 2209 806 2254 aetate
825 2215 902 2268 qnam
918 2200 1085 2267 parvulorum
1100 2198 1197 2251 arrinnc

407 2216 599 2339 leprimuntur,
616 2286 630 2322 a
651 2271 746 2338 quibus
766 2269 871 2323 liberari
891 2269 1025 2324 neminem
1048 2282 1126 2337 posse
1147 2268 1196 2321 nisi

408 2353 457 2409 ρει
469 2339 613 2406 Clrristurn,
630 2338 714 2394 David
728 2341 783 2408 ipse
795 2340 840 2408 qni
855 2353 884 2392 se
899 2339 925 2392 iu
940 2337 1120 2406 iniquitatibus
1133 2352 1197 2392 cun·

406 2420 513 2478 ceptum
527 2419 554 2464 ει
569 2410 594 2464 in
608 2409 712 2464 delictis
726 2420 817 2463 natum
830 2423 890 2463 csso
906 2407 983 2473 dixit,
997 2408 1121 2468 ostendit,
1136 2423 1195 2461 cum

406 2478 434 2533 in
447 2480 641 2549 septuagesimo
653 2480 738 2547 primo
750 2478 856 2538 Psalmo
868 2477 902 2531 de
922 2492 1032 2547 persona
1045 2476 1142 2531 Christi
1156 2477 1195 2531 lo·

406 2549 498 2618 quitur
509 2549 614 2603 diceus:
624 2548 750 2601 Liberabit
765 2564 900 2618 pauperem
914 2564 929 2599 a
941 2556 1048 2616 patente,
1062 2554 1085 2600 ct
1096 2546 1197 2614 inopem

406 2619 449 2670 cni
458 2635 508 2670 non
520 2626 573 2670 erat
581 2618 702 2686 adiutor:
715 2618 740 2672 id
755 2628 806 2683 est,
817 2615 961 2670 liumauunr
973 2631 1055 2685 genus
1070 2634 1084 2667 a
1097 2614 1196 2670 diaboli

407 2686 555 2741 dominatu.
570 2685 661 2740 Parcet
672 2687 811 2756 pauperiei
825 2686 904 2756 inopi,
915 2695 939 2739 et
949 2687 1046 2738 artlrnas
1057 2702 1196 2757 pauperum

406 2754 492 2809 saluas
502 2757 587 2827 faciet.
600 2754 641 2810 Ex
650 2758 732 2812 naaria
743 2769 765 2809 et
778 2756 950 2825 iniquitatibus
967 2754 1080 2809 liberarit
1098 2756 1195 2809 aerioma

406 2841 494 2878 eoram
507 2824 591 2897 (Psal.
607 2842 678 2892 ιιιι,
696 2825 790 2892 ts-tt)
806 2843 812 2880 :
827 2826 948 2880 Clrristus
968 2826 1056 2895 utique
1075 2824 1138 2878 ada
1150 2824 1195 2879 de·

407 2895 503 2959 bitum,
517 2895 586 2965 quod
597 2911 645 2951 nos
660 2897 746 2950 usuris
757 2895 928 2964 obligaverat.
940 2895 1028 2957 soluit,
1043 2910 1103 2949 curu
1116 2895 1195 2949 nullis

406 2980 484 3021 suurn
511 2981 608 3033 «orpus
630 2966 745 3032 peccatis
765 2964 908 3018 obnoxium
929 2965 955 3018 iu
974 2963 1090 3034 patibulo
1110 2966 1195 3018 crucis

405 3034 532 3104 suspendi
547 3035 676 3105 permisit.
696 3034 781 3103 lpsius
800 3035 871 3088 eninr
895 3034 920 3087 iu
943 3032 1051 3087 Psalmo
1072 3049 1121 3088 rot
1135 3043 1193 3088 est:

407 3104 472 3171 ρει
494 3122 544 3159 non
570 3105 655 3174 rapui,
681 3115 740 3159 tanc
765 3102 919 3157 exsolvebam
939 3101 1024 3174 (Psal.
1046 3119 1138 3166 txrut,
1155 3104 1193 3173 5).

405 3176 572 3246 Quapropter
586 3176 643 3244 ipse
654 3190 687 3230 ex
699 3174 787 3228 usuris
800 3183 827 3228 ct
838 3173 976 3244 iniquitate
988 3182 1015 3227 et
1026 3174 1194 3242 paruulorum

405 3244 503 3299 liberat
521 3245 622 3299 artimus
643 3245 736 3312 :quia,
757 3253 786 3297 ut
803 3243 867 3300 dicta
887 3244 1038 3313 Apostolus,
1056 3242 1127 3296 Uerus
1149 3260 1194 3313 pra

405 3315 521 3368 carnibus
530 3327 643 3369 ntortnas
652 3325 702 3369 est:
712 3325 739 3370 et
751 3315 857 3378 lterum,
866 3312 932 3383 Erpa
940 3328 1025 3367 ontrres
1034 3313 1126 3367 mertui
1135 3323 1195 3367 sarri

407 3383 441 3451 (ll
452 3382 513 3440 Cor.
523 3401 549 3450 r,
559 3386 615 3455 ill.
632 3385 665 3439 Et
679 3386 700 3439 si
712 3382 1194 3451 omnesmortuisuut,stiuruloutique

405 3456 500 3509 toartis
508 3456 636 3523 percussi,
644 3455 817 3517 mortuisunt;
828 3454 888 3523 quia
897 3453 1018 3506 stimulus
1027 3453 1130 3515 mortis,
1138 3467 1195 3520 pee-

404 3532 494 3579 catum
506 3527 527 3597 (l
538 3523 597 3580 Ger.
609 3541 656 3588 ar,
669 3524 725 3596 56).
741 3521 995 3592 Dicergoquaerenti
1005 3522 1116 3586 milri,Si
1130 3537 1193 3591 pee-

403 3602 493 3648 catum
506 3596 631 3664 parvulus
644 3595 744 3649 nullum
753 3595 898 3661 ¹carnaliter
911 3600 987 3646 uatus
1000 3591 1129 3656 attraxit,
1147 3607 1195 3647 eur

403 3662 495 3720 breuis
507 3665 609 3720 dierum
622 3675 694 3719 sorte
710 3664 802 3718 {nortis
814 3663 985 3731 astringitur?
997 3661 1063 3727 Quia
1079 3661 1123 3716 ubt
1135 3676 1196 3729 pee-

403 3745 492 3789 catum
507 3743 619 3798 nonest,
634 3735 723 3803 utique
736 3750 807 3788 mors
817 3747 876 3788 csse
886 3746 939 3786 nou
952 3731 1031 3786 debet
1042 3748 1049 3783 :
1062 3732 1194 3785 nonenim

403 3818 449 3860 me
458 3805 582 3874 lingente,
593 3805 640 3860 sed
650 3805 778 3872 apostolo
791 3803 952 3872 predicante
967 3801 1066 3855 dictum
1081 3810 1131 3866 cst,
1146 3800 1196 3855 l’er

404 3885 534 3945 perardum
554 3892 631 3929 nrors.
658 3875 697 3928 lle
723 3891 768 3943 per·
788 3876 838 3927 boe
853 3872 997 3927 seeundum
1018 3885 1135 3926 errorem
1148 3887 1194 3926 re-

403 3954 512 4010 strum,
540 3946 644 4015 iniquus
672 3944 761 4008 licus,
789 3952 817 3995 ut
845 3943 912 3995 mori
942 3942 1079 4010 parvulum
1110 3942 1194 4008 patia-

404 4029 449 4071 tur
481 4031 533 4070 rrou
554 4015 695 4070 lrabentcur
715 4023 850 4084 peccatum
876 4027 924 4081 per
944 4009 1013 4081 quod
1039 4011 1122 4079 possit
1143 4014 1195 4064 rita

405 4086 514 4155 privari.

439 4175 552 4233 CAPUT
568 4175 682 4230 tt.-5.
701 4173 753 4229 Sed
773 4172 806 4226 ad
828 4172 901 4227 illam
924 4170 1053 4224 fallaciam
1066 4170 1196 4239 dogmatis

403 4248 486 4303 resta
506 4246 693 4316 respicientes,
707 4245 749 4298 cui
768 4244 822 4311 jam
835 4244 957 4310 superius
972 4254 1128 4308 responsant
1143 4249 1193 4305 est,

404 4317 530 4387 inquietis
541 4316 620 4370 milri:
632 4315 700 4369 neor
711 4326 815 4368 nrortern
825 4312 893 4384 fecit,
901 4311 960 4380 eperia
970 4309 1102 4363 mortalem
1112 4311 1195 4362 leonti·

403 4403 461 4441 nerra
474 4387 777 4457 temperantiorem
788 4399 838 4436 non
851 4383 917 4450 fecit,
935 4381 996 4447 qnia
1010 4381 1037 4432 in
1056 4380 1196 4451 primae-dio

404 4458 531 4513 bominem
545 4456 669 4524 prolribrit
682 4471 711 4508 ne
722 4462 843 4524 peccaret.
858 4453 913 4506 luto
926 4450 990 4521 quid
1011 4450 1082 4504 aliud
1095 4449 1194 4515 dictus,

403 4544 465 4583 cnm
480 4528 564 4581 Deum
583 4535 696 4581 mortem
710 4525 805 4578 iecisse
820 4522 940 4588 creditis,
955 4520 1005 4575 nisi
1019 4529 1046 4575 ει
1061 4528 1196 4589 peccatum

405 4598 476 4653 treus
490 4597 561 4661 lecit,
576 4606 604 4650 ιιι
619 4612 665 4665 per
685 4604 821 4662 peceatum
844 4607 916 4647 mors
941 4592 1039 4646 intrare
1060 4599 1149 4659 posset
1170 4591 1196 4642 iu

404 4666 553 4722 errandum?
566 4667 643 4733 Quia,
660 4665 794 4718 utiterum
806 4660 1194 4732 itcrmnqueestrepetendnm,

404 4736 511 4793 dicente
522 4739 647 4806 magistro
655 4736 786 4798 Gentium,
799 4733 849 4786 Per
860 4741 988 4800 peecatum
997 4746 1075 4794 rnors,'
1087 4746 1197 4799 respou-

404 4807 475 4863 detis
491 4826 497 4862 :
512 4808 593 4871 Absit,
617 4806 685 4860 Deus
701 4814 827 4873 peccatum
844 4805 977 4873 rorefecit.
993 4803 1062 4871 Ergo
1075 4801 1195 4854 arcersie-

405 4892 467 4933 nem
481 4877 606 4947 peccandi
626 4877 726 4931 bomini
741 4874 840 4936 tribuit,
854 4882 883 4927 ut
896 4888 962 4941 opus
972 4872 1040 4941 ejus,
1054 4872 1122 4924 sicut
1132 4869 1196 4924 dici·

404 4950 450 5010 tis,
464 4962 536 5001 murs
547 4947 646 5001 ltotuini
657 4945 917 5015 possetcoutingere.
930 4942 994 4996 Sine
1004 4950 1112 5009 peceato
1124 4940 1196 4995 euim

405 5033 479 5073 rtrrrrs
489 5033 548 5072 esse
562 5033 613 5070 nou
630 5026 748 5083 poterat;
764 5015 835 5084 qrria,
851 5012 938 5067 velitis
951 5011 1049 5076 nolitis,
1066 5009 1118 5064 Per
1139 5028 1196 5080 pee-

404 5100 491 5141 catum
501 5105 576 5141 rnors.
591 5106 600 5137 ι
616 5087 670 5142 Neo
679 5089 857 5148 occasionem,
870 5103 880 5136 ι
897 5091 925 5136 ut
937 5083 1032 5147 dicitis,
1045 5100 1054 5130 r
1069 5081 1195 5149 peccandi

407 5157 590 5215 derisionum
613 5157 696 5220 dedit,
720 5171 772 5225 quo
791 5156 858 5208 tnuri
881 5162 981 5222 posset,
996 5152 1042 5206 sed
1056 5152 1195 5206 mortalem

404 5226 479 5284 lecit.
499 5246 508 5279 r
524 5227 581 5281 lam
595 5242 749 5295 responsum
764 5232 804 5278 est
816 5224 942 5288 scripturn
955 5238 1025 5287 esse,
1041 5220 1108 5276 Deua
1126 5238 1196 5274 ruor-

404 5308 455 5353 ιειι
468 5298 596 5365 rorefecit,
609 5314 654 5350 nec
665 5297 763 5350 letatur
774 5296 801 5348 in
814 5295 952 5364 perditione
964 5293 1074 5346 riuorrun
1085 5291 1161 5361 (Sap.
1175 5306 1195 5356 t,

404 5368 508 5438 Ιόὶεει
522 5370 628 5431 iterum,
651 5366 719 5420 bras
740 5365 830 5419 crearit
845 5366 970 5418 lrourinern
991 5362 1196 5416 inexterminabi-

405 5438 454 5493 lem
464 5437 474 5468 ⁸
486 5436 540 5507 (ld.
556 5454 585 5503 u,
599 5436 655 5507 ιδ).
670 5437 697 5491 st
712 5452 775 5504 erga
789 5444 923 5503 precatum
939 5447 991 5487 rruu
1004 5431 1075 5494 iecit,
1089 5447 1138 5485 uec
1151 5448 1196 5486 uc·

404 5507 540 5565 easionom
555 5507 681 5579 peccandi
696 5506 796 5561 bomini
809 5504 891 5569 dedit,
909 5503 978 5574 qnod
992 5513 1065 5558 recte
1076 5502 1195 5570 dicitur,

438 5750 447 5782 ¹
464 5753 563 5820 stetur.
574 5747 684 5816 tpudtsr.
694 5743 766 5806 lugd.
777 5751 803 5792 et
813 5750 883 5801 ten,
894 5738 1011 5803 murpsi...
1024 5738 1113 5803 percpi.
1126 5743 1150 5785 ta
1162 5744 1195 5797 n,

405 5823 496 5874 milii
498 5845 545 5858 ·····
558 5821 648 5878 percpn
675 5814 704 5854 Μ·
875 5864 880 5873 ,

437 5863 897 5928 ⁸mcattis,amiseruanmcctmcrn.
1146 5920 1151 5929 Ι

438 5934 450 5967 ⁸
466 5933 617 5987 salinator..
629 5928 768 5992 cottpiteatrtr
780 5927 902 5976 carnatem
916 5934 971 5982 neo,
979 5938 1033 5975 cnm
1044 5921 1196 5993 pertenderet,

405 6004 455 6048 etc.
480 6000 508 6043 tt
525 6001 588 6053 atas,
609 5988 718 6062 poeniteri
736 5986 841 6050 (supple,
857 5996 920 6038 treas
932 5988 997 6049 rrdt)
1012 5990 1131 6037 ceritatem
1145 5993 1197 6044 ner,

405 6063 434 6109 u
442 6050 721 6180 δεῗιῐιιιιςιιιεειὲῢιῑιιιιιῗικιιειιίιὲιιιι
728 6146 736 6176 ,
749 6109 962 6174 incorruptibilem.

945 658 1225 717 tltettcttosttttoa
1245 660 1344 717 ttttfitt
1364 662 1521 730 Qtttatds.

1977 669 2045 725 tosa

1251 773 1350 829 bonum
1366 776 1459 831 mortis
1471 775 1615 830 seeundum
1631 791 1688 841 ros,
1703 779 1772 844 quod
1788 790 1857 833 reete
1870 796 1920 832 nnn
1934 779 2041 849 dicitur,

1251 846 1384 913 quomodo
1399 861 1446 914 per
1460 846 1557 899 molum
1572 848 1673 916 peceati
1686 848 1719 901 ad
1734 850 1867 903 bominem
1884 852 1967 918 potuit
1983 866 2042 918 per-

1251 915 1341 969 reuirc
1351 916 1364 969 ‘l
1375 915 1443 983 Quid
1458 917 1530 970 enirn
1552 917 1603 970 luci
1623 930 1683 970 cum
1700 918 1834 972 tenebris?
1848 930 1893 972 aut
1905 936 1963 987 qum
1980 935 2043 990 pars

1248 984 1358 1053 justitiae
1370 1003 1429 1040 curn
1441 986 1578 1055 iniquitate
1591 986 1624 1058 (ll
1637 986 1697 1039 Cor.
1717 1003 1754 1052 rt,
1767 988 1829 1059 ill?
1853 988 1955 1051 Videte.
1971 988 2042 1045 iule-

1252 1055 1327 1118 lices‚
1350 1058 1372 1110 si
1395 1066 1484 1110 tamen
1499 1057 1589 1110 ridere
1603 1058 1722 1123 potestis,
1744 1073 1809 1125 quas
1823 1058 1954 1112 auricitias
1973 1061 2040 1114 iutcr

1253 1124 1334 1179 lieum
1358 1137 1382 1180 ct
1403 1127 1537 1181 diabolum
1558 1127 1679 1193 laniatis,
1700 1128 1770 1192 quod
1790 1126 1859 1182 absit
1880 1144 1894 1180 a
1918 1128 2039 1183 [ionriuo.

1251 1193 1419 1251 neamenim
1442 1207 1552 1251 mortem
1573 1195 1668 1251 iecisse
1683 1197 1780 1261 dicitis,
1797 1197 1930 1252 diabolum
1947 1213 2042 1266 pecca-

1250 1271 1306 1318 tum
1322 1285 1328 1318 ε
1345 1267 1366 1319 si
1382 1275 1469 1322 tamen
1484 1268 1525 1322 rel
1538 1266 1588 1322 Ιιοε
1602 1268 1742 1337 assignatis
1755 1268 1871 1322 diabolo.
1881 1267 2041 1322 lliscueruut

1250 1349 1314 1405 ergo
1326 1351 1406 1404 opera
1421 1352 1479 1402 sna,
1494 1352 1526 1391 ex
1540 1352 1671 1392 consensu
1683 1349 1808 1406 tauquam
1819 1338 1869 1391 sibi
1880 1338 2040 1393 inauxiliuru

1250 1406 1399 1471 nutrientes,
1420 1418 1448 1461 ut
1462 1408 1595 1461 hominem
1609 1408 1660 1461 rita
1676 1409 1779 1477 privare
1793 1418 1903 1478 possent
1917 1427 1924 1462 ε
1940 1419 1966 1464 ει
1980 1407 2039 1463 idco

1251 1474 1349 1530 dietum
1363 1488 1415 1542 est,
1431 1477 1481 1531 l'cr
1494 1487 1620 1545 peccantur
1634 1494 1709 1532 irrora.

1286 1569 1312 1620 i.
1333 1565 1390 1621 lam
1407 1567 1449 1622 bic
1461 1568 1605 1633 advertite,
1620 1570 1672 1623 imo
1686 1571 1730 1640 qui
1745 1570 1802 1624 sani
1817 1579 1879 1624 suut
1896 1585 1975 1624 seusu
1988 1571 2039 1624 ad·

1250 1643 1372 1701 vertant,
1397 1639 1457 1706 qnia
1479 1639 1570 1692 soletis
1594 1654 1643 1694 uos
1667 1640 1756 1695 elicere
1780 1640 1959 1707 llantctmos,
1980 1643 2040 1713 quis

1250 1715 1371 1762 nostrum
1386 1708 1421 1760 sit
1434 1708 1584 1762 blanicbaar
1598 1709 1680 1778 pestis
1693 1720 1809 1766 assertor
1822 1727 1828 1763 :
1845 1725 1903 1772 ιιοε,
1916 1712 1960 1780 qui
1973 1712 2039 1765 inlril

1251 1792 1392 1831 cominuue
1405 1777 1455 1831 luci
1471 1778 1503 1831 ad
1519 1779 1644 1834 tenebras
1656 1779 1768 1835 dicimus
1780 1797 1787 1844 ;
1808 1795 1841 1835 aa
1853 1794 1901 1834 ros
1913 1782 1957 1849 qui
1970 1795 2038 1849 opus·

1251 1844 1327 1913 lueis,
1342 1855 1370 1900 ut
1385 1849 1490 1917 putatis.
1506 1848 1592 1914 idest,
1607 1859 1730 1915 mortem,
1747 1865 1806 1904 curn
1820 1865 1901 1920 opere
1917 1851 2040 1906 tenebra·

1250 1931 1308 1970 rum
1321 1917 1443 1984 diabolo,
1458 1919 1551 1983 idest,
1569 1928 1677 1987 peccato
1690 1920 1873 1974 confunditis?
1892 1920 1946 1974 Nisi
1966 1921 2037 1976 enim

1249 1987 1415 2041 credideritis
1435 1997 1547 2041 rumtcm
1560 1997 1587 2043 et
1601 2001 1737 2058 peccatum
1759 1999 1870 2059 utraque
1886 2004 1946 2045 esse
1957 1991 2037 2056 mala,

1250 2066 1277 2112 et
1291 2057 1386 2111 nullius
1403 2058 1496 2112 borum
1510 2069 1645 2113 auctorem
1659 2075 1718 2114 esse
1732 2061 1831 2128 licitur,
1845 2059 1892 2114 sed
1905 2060 2037 2115 diabolum

1249 2126 1463 2196 delinquentibus
1486 2129 1494 2159 ¹
1520 2130 1709 2198 protoplastis;
1741 2144 1848 2198 prorsus
1877 2130 2037 2186 llauicbaeos

1249 2195 1397 2265 atljtnatiS,
1412 2199 1465 2252 ltno
1479 2200 1543 2252 estis
1562 2200 1663 2253 siruilns
1676 2199 1828 2253 llanielrmis
1841 2201 1861 2250 ¹.
1878 2198 2038 2255 llaniclraeus

1249 2277 1338 2322 auteur
1352 2283 1404 2320 non
1418 2268 1511 2331 credit,
1527 2269 1573 2322 sed
1587 2268 1734 2324 catholicus
1748 2271 1844 2323 dicenti
1860 2271 1952 2332 barda,
1965 2271 2037 2339 quod

1250 2351 1294 2403 per
1311 2354 1390 2390 tenant
1405 2338 1530 2390 lraruincnt
1545 2348 1674 2406 peccatum
1694 2340 1794 2391 intrauit
1814 2340 1840 2391 in
1856 2340 1997 2402 nrundmn,
2014 2352 2037 2392 et

1250 2422 1294 2472 per
1306 2416 1436 2475 peccatam
1448 2423 1525 2471 nrars,
1537 2417 1560 2460 ct
1570 2408 1606 2459 ita
1617 2408 1644 2460 in
1656 2424 1741 2461 ornnes
1756 2408 1868 2460 leontiues
1880 2411 2035 2477 pertransiit,

1248 2476 1274 2527 r'n
1288 2491 1337 2544 qna
1350 2492 1436 2529 ornares
1450 2485 1614 2545 peccaverant
1629 2476 1717 2544 (lione
1731 2492 1757 2542 r,
1773 2475 1828 2547 li).
1845 2477 1907 2531 ttae
1918 2486 1959 2531 est
1970 2477 2037 2533 tides

1249 2553 1356 2610 nostra,
1379 2545 1492 2599 latemur
1513 2547 1697 2601 incunctanter
1717 2555 1852 2615 peccatum
1867 2547 1892 2600 iu
1906 2549 2034 2616 paruulis,

1248 2624 1274 2667 et
1288 2630 1334 2682 per
1347 2623 1483 2684 peecatum
1497 2627 1608 2671 mortem
1622 2616 1797 2685 pertransisse
1809 2617 1835 2671 iu
1847 2631 1941 2671 omnes
1951 2618 2035 2671 bortri-

1248 2698 1306 2738 ues.
1332 2685 1365 2738 Et
1386 2686 1488 2753 paruuli
1513 2695 1606 2740 natura
1629 2685 1750 2741 lrouriucs
1772 2695 1842 2741 sunt.
1869 2685 2036 2811 Quapropter

1248 2757 1338 2822 quanti
1363 2755 1477 2820 luerint,
1498 2772 1591 2810 ειιιιιεε
1615 2756 1736 2809 homiues
1760 2764 1832 2822 sunt,
1852 2756 1949 2880 auibus
1992 2774 2034 2810 um

1248 2825 1387 2894 corrtigerit
1412 2827 1493 2885 mori.
1511 2834 1618 2895 propter
1633 2835 1786 2895 peceatum,
1801 2842 1853 2896 quo
1887 2827 1913 2880 iu
1929 2827 1968 2881 eis
1981 2842 2035 2881 non

1247 2894 1368 2962 actione,
1388 2896 1435 2950 sed
1459 2895 1572 2951 ulterina
1590 2896 1763 2964 conceptione
1787 2896 1957 2965 pertransiit,
1975 2912 2034 2951 mo·

1248 2965 1361 3018 riantur.
1385 2965 1443 3021 Nun
1466 2967 1537 3020 enim
1559 2974 1738 3031 morerentur,
1762 2966 1812 3020 nisi
1835 2979 1913 3020 coeuo
1934 2969 2033 3036 perciti

1247 3047 1415 3089 necarentur.
1441 3035 1491 3091 Per
1513 3045 1649 3105 peccatum
1664 3036 1735 3091 eninr
1748 3076 1755 3100 ,
1769 3043 1798 3090 ut
1816 3050 1888 3105 sepe
1901 3045 1942 3090 est
1956 3050 2034 3107 repe-

1248 3103 1366 3169 tendum,
1382 3121 1471 3168 mors;
1494 3122 1546 3161 nou
1559 3106 1616 3160 siue
1629 3117 1737 3175 peccato
1753 3123 1760 3158 ε
1774 3105 1809 3159 ab
1821 3115 1906 3160 morte
1917 3105 1944 3171 ³,
1959 3121 1993 3160 ne
2007 3108 2033 3161 ia

1247 3182 1376 3228 arternum
1400 3185 1528 3245 percant,
1544 3186 1630 3231 morte
1652 3176 1756 3230 bantini
1778 3177 1953 3230 redimuntur.
1978 3176 2035 3231 lloc

1246 3257 1325 3298 roeno
1340 3247 1439 3313 pcccati
1454 3262 1506 3315 quo
1528 3256 1673 3301 nascuntur
1686 3245 1819 3315 squalidi,
1841 3258 1869 3301 ut
1884 3247 1909 3301 ln
1924 3262 2034 3317 reguum

1246 3313 1375 3368 carlorum
1398 3315 1580 3384 ingrediantur
1599 3317 1774 3378 immaculati,
1797 3316 1966 3372 immaculato
1990 3332 2036 3386 per

1247 3382 1411 3453 baptismum
1425 3386 1552 3455 sanguine
1565 3385 1665 3440 Christi
1680 3384 1850 3439 mundantur.

1282 3472 1394 3529 CAPUT
1414 3474 1456 3529 ΙΙΙ.
1470 3505 1506 3515 -
1517 3475 1544 3530 5.
1558 3476 1627 3529 Audi
1639 3483 1668 3530 et
1679 3475 1802 3541 alterurn,
1817 3476 1863 3531 Dei
1879 3479 2034 3546 sapientiam

1248 3541 1434 3611 inquirentem,
1450 3554 1476 3598 ct
1493 3545 1624 3613 perillam
1640 3547 1780 3600 ueritatem
1798 3547 1955 3602 mortalibus
1968 3564 2035 3617 prcc-

1247 3611 1381 3668 dicantem
1397 3632 1404 3666 :
1419 3615 1479 3668 audi
1501 3615 1578 3668 aliter
1600 3614 1706 3683 quidem
1721 3630 1800 3684 quam
1817 3614 1899 3670 Dauid
1921 3617 2035 3686 loquen-

1248 3690 1313 3748 tem,
1324 3684 1371 3738 sed
1384 3699 1436 3739 non
1448 3685 1526 3738 aliter
1540 3685 1756 3754 prophetantem,
1771 3686 1825 3739 imo
1837 3687 1912 3741 unito
1924 3686 2035 3755 spiritu⁵

1247 3767 1310 3806 rera
1321 3754 1464 3819 dicentem,
1476 3755 1545 3822 quod
1555 3754 1619 3808 ,ldae
1631 3764 1739 3823 peccato
1749 3764 1776 3810 et
1786 3756 1888 3826 parvuli
1903 3757 2035 3812 nascendo

1248 3834 1411 3890 premantur.
1429 3824 1510 3878 Dauid
1524 3826 1595 3879 euim
1614 3826 1716 3892 inquit,
1732 3835 1760 3880 ut
1774 3840 1853 3894 snpra
1866 3826 1921 3894 jain
1936 3826 2036 3881 dietum

1247 3900 1305 3957 cst,
1322 3892 1388 3946 Ecce
1407 3895 1514 3947 enimin
1535 3894 1705 3959 iniquitatibus
1724 3907 1858 3963 conceptas
1872 3914 1946 3961 sarrs,
1966 3907 1990 3951 et
2010 3899 2036 3951 in

1248 3962 1344 4017 delictis
1359 3965 1456 4032 peperit
1470 3981 1509 4018 nte
1523 3976 1602 4019 nrater
1616 3982 1681 4019 rrrea.
1704 3965 1755 4021 iste
1767 3967 1805 4020 ait
1818 3967 1845 4021 in
1861 3968 1927 4022 libro
1942 3965 2036 4023 Eecle-

1248 4032 1355 4086 siastieo
1370 4051 1377 4086 ε
1393 4032 1473 4088 Grave
1485 4037 1577 4104 jupam
1589 4052 1665 4105 anper
1679 4035 1747 4104 filios
1758 4036 1858 4102 Adam,
1872 4054 1888 4090 a
1901 4039 1942 4092 die
1956 4040 2037 4092 eaitae

1248 4101 1280 4156 tle
1292 4112 1377 4157 aerrtre
1395 4105 1483 4157 rrrntrr's
1504 4121 1610 4171 corant,
1625 4122 1702 4174 acque
1721 4107 1746 4159 in
1764 4107 1831 4160 diem
1852 4108 1991 4179 sepultarae
2011 4109 2037 4161 in

1248 4181 1354 4225 trratrern
1373 4174 1484 4227 omniunt
1502 4173 1594 4240 (Eccli.
1607 4190 1656 4236 rt,
1673 4176 1710 4243 l).
1733 4175 1808 4242 Quod
1830 4186 1871 4230 εει
1893 4179 1943 4231 Ιιοε
1957 4193 2036 4245 grare

1246 4240 1355 4310 jugtuu,
1372 4242 1421 4295 nisi
1437 4243 1595 4310 peccatum?
1620 4245 1650 4297 Et
1666 4260 1747 4312 quare
1761 4245 1860 4299 dietum
1875 4256 1917 4301 est
1933 4246 2036 4315 jugum,

1249 4311 1300 4365 nisi
1320 4311 1390 4381 quod
1405 4327 1440 4366 es
1459 4312 1561 4366 duobus
1575 4311 1660 4366 Adam
1680 4322 1707 4366 et
1722 4313 1775 4368 Era
1791 4316 1896 4381 reniat,
1912 4316 1954 4369 rel
1968 4316 2035 4370 duo·

1249 4396 1307 4435 rum
1332 4391 1434 4450 premat
1456 4391 1484 4435 et
1505 4389 1625 4436 conterat
1644 4382 1723 4447 colla,
1746 4384 1772 4438 id
1796 4395 1847 4451 est,
1875 4386 1985 4439 masculi
2009 4391 2036 4440 ει

1249 4450 1365 4516 lentina,
1380 4451 1510 4520 urajorum
1525 4452 1648 4507 videlicet
1662 4461 1742 4522 atque
1760 4454 1911 4519 minorum;
1934 4456 1994 4525 quia
2010 4456 2035 4510 iu

1250 4530 1361 4590 utroque
1382 4537 1448 4575 sexu
1472 4522 1562 4593 jugum
1585 4532 1656 4576 sunt.
1683 4523 1743 4578 ldeo
1764 4533 1792 4578 et
1812 4525 1849 4577 ait
1868 4526 2037 4595 generaliter.

1250 4590 1332 4646 Graec
1347 4593 1438 4661 jupam
1451 4609 1527 4660 snper
1546 4593 1614 4661 filios
1628 4593 1718 4647 Adana.
1736 4593 1854 4651 Dicendo
1867 4611 1948 4666 ergo,
1962 4612 2036 4666 snper

1249 4660 1326 4742 plica,
1340 4672 1433 4718 :etates
1447 4679 1498 4718 noa
1513 4663 1638 4718 discrevit
1647 4665 1689 4717 rel
1702 4680 1782 4719 setus
1796 4683 1803 4720 :
1817 4674 1845 4721 et
1857 4667 2036 4735 eorrrparaudo

1246 4746 1338 4802 rugum
1353 4741 1476 4802 peccato,
1492 4743 1589 4803 praeter
1603 4732 1774 4799 ¹'Clrristuum
1797 4736 1841 4805 qui
1862 4736 1930 4790 sicut
1947 4740 2036 4790 caeteri

1249 4818 1282 4857 ex
1298 4818 1346 4857 usu
1359 4803 1559 4874 conjugatorum
1572 4812 1650 4858 natus
1665 4820 1717 4858 nou
1730 4814 1782 4870 est,
1794 4820 1889 4860 omnes
1901 4821 1961 4862 esse
1976 4821 2037 4872 pee-

1249 4881 1353 4928 catores
1366 4874 1490 4943 amarit.
1505 4874 1571 4927 lluic
1582 4873 1674 4943 jugo‘,
1689 4873 1715 4928 id
1729 4885 1781 4940 est,
1793 4877 1915 4946 originali
1929 4887 2038 4946 peccato

1249 4943 1360 4999 revincti
1373 4945 1486 5011 mairnes
1500 4951 1579 5012 atque
1592 4943 1719 5009 minores,
1733 4946 1824 5000 uitium
1838 4962 1870 5001 er
1887 4948 1944 5017 ipso
1957 4948 2037 5001 urtu'

1250 5021 1374 5084 tarrquaru
1388 5024 1503 5067 aratrum
1516 5013 1655 5078 trahimus,
1666 5016 1791 5084 quamdin
1802 5031 1894 5072 sumus
1905 5020 1931 5070 in
1944 5017 2038 5072 martis

1248 5098 1371 5152 corpore,
1394 5083 1469 5152 cujus
1492 5084 1665 5152 cupiditatum
1686 5089 1696 5117 ¹⁸
1714 5101 1823 5141 vumere
1846 5087 2036 5162 proseinditur,

1249 5151 1301 5208 irae
1320 5163 1377 5217 est,
1393 5156 1572 5223 corrumpitur
1587 5164 1656 5210 terra
1671 5166 1773 5210 nostra.
1795 5156 1906 5225 Propter
1925 5155 1995 5227 quod
2012 5157 2037 5209 iu

1250 5223 1318 5278 libro
1340 5224 1482 5292 Sapientiae
1505 5224 1605 5278 dietum
1629 5234 1691 5294 puto
1715 5244 1721 5278 :
1746 5225 1844 5296 Corpus
1866 5237 1951 5281 uatem
1971 5227 2038 5296 quod

1249 5295 1418 5361 conumpitar
1431 5303 1551 5364 appravat
1564 5295 1675 5348 animam
1687 5295 1771 5364 (Sap.
1786 5312 1833 5357 ιι,
1850 5296 1911 5368 lb').
1928 5300 1947 5351 d
1962 5296 2039 5365 cutm

1246 5364 1303 5433 jugi
1316 5363 1407 5420 labore
1418 5375 1443 5419 ει
1458 5380 1550 5428 onere,
1562 5366 1604 5420 rel
1616 5367 1697 5419 aratri
1711 5367 1882 5435 corruptione
1893 5375 1922 5422 ιιι
1933 5368 2038 5437 requie·

1249 5443 1325 5501 seat,
1346 5449 1426 5489 neruo
1439 5435 1551 5490 soluitur
1574 5436 1681 5506 propria
1697 5436 1831 5492 voluntate
1844 5446 1872 5493 et
1895 5445 2037 5508 potestate,

1282 5668 1482 5731 1ιιιειιρειιιιιι.
1494 5667 1598 5729 additur,
1609 5667 1734 5733 irmirisse.
1775 5728 1781 5738 ι
1914 5729 1918 5738 Ι

1282 5735 1292 5765 ¹
1310 5732 1403 5794 aliquot
1415 5739 1476 5788 uss,
1489 5730 1537 5780 imo
1546 5730 1601 5782 estis
1613 5731 1780 5794 perfectissimi
1792 5727 1926 5781 aturnelncr.

1283 5795 1293 5826 ⁸
1309 5794 1378 5852 editi,
1389 5791 1435 5841 ltac
1446 5799 1530 5842 rnorte.

1282 5856 1345 5904 ‘sic
1365 5867 1450 5902 omues
1460 5860 1513 5902 tiss.
1533 5860 1560 5903 at
1571 5853 1643 5914 editi,
1664 5851 1838 5915 wurospiritn.

1283 5918 1293 5949 ⁸
1309 5917 1354 5966 soli
1365 5917 1433 5972 editi,
1444 5924 1550 5978 propter.

1284 5979 1294 6011 ⁸
1312 5977 1432 6046 redimitae
1440 5977 1508 6047 jrpot.
1522 5984 1549 6026 ,ιι
1560 5976 1694 6036 ιιεε.,ιιιιιί
1705 5974 1775 6044 papo.
1803 6033 1808 6043 Ι
1907 6033 1913 6043 ⁴

1284 6042 1294 6072 ⁷
1312 6048 1356 6088 ttss
1368 6074 1374 6095 ‚
1387 6046 1445 6088 astru
1455 6051 1487 6088 es
1495 6051 1546 6098 apsa
1554 6047 1615 6089 orta.
1626 6050 1686 6099 sm,
1696 6044 1789 6087 nitore
1800 6045 1851 6098 ιριι
1864 6042 1921 6087 ortt.

1284 6102 1295 6134 ⁸
1312 6101 1378 6162 editi,
1392 6100 1538 6164 cupiditatis.
