4900 6892
371 662 439 718 stt-35

369 777 422 833 dit:
439 790 488 830 nee
500 776 534 829 ab
548 773 663 833 tttoesse
676 770 833 842 praesignita
848 785 964 840 unquam
974 767 997 825 ei
1012 781 1109 838 negare
1120 764 1159 818 las

370 868 427 923 lnit.
450 872 487 922 ae
507 882 555 936 per
571 865 621 919 boc
639 862 878 933 predestinationis
897 859 975 930 bujns
995 857 1085 922 fidon,
1099 869 1159 925 que

368 971 461 1016 etrratra
476 973 560 1012 noros
578 953 717 1011 lrerctieos
741 969 807 1008 taora
825 951 1002 1008 sollicitudine
1020 964 1090 1003 nttttc
1113 945 1160 1001 de·

369 1053 498 1115 leniuitur,
513 1065 647 1118 rtunquam
665 1048 779 1103 Ecclesia
796 1045 894 1103 Christi
906 1062 958 1101 non
973 1043 1074 1099 habuit.

402 1140 518 1197 caput·
545 1138 638 1194 xxti.
652 1168 687 1179 -
701 1137 746 1193 titt.
766 1136 817 1193 Sed
831 1136 895 1208 quid
907 1136 1001 1208 plural
1022 1134 1092 1190 Satis
1111 1131 1158 1187 do·

367 1236 456 1289 erasse
471 1224 513 1287 nie
525 1233 659 1298 existimo,
671 1232 713 1286 rel
734 1231 820 1301 potius
836 1230 893 1302 plus
905 1245 984 1300 quam
1000 1229 1076 1294 satis,
1090 1226 1159 1281 dona

370 1323 417 1379 bet
436 1338 506 1389 esse,
520 1332 548 1378 et
563 1323 680 1393 incipere
697 1322 723 1375 in
745 1321 885 1375 Dorninmn
899 1320 1018 1383 credere,
1033 1327 1060 1372 et
1074 1331 1159 1387 usque

367 1415 393 1469 in
411 1415 490 1469 briem
506 1414 532 1469 in
547 1413 659 1468 Dotttino
671 1428 836 1484 permanere.
848 1412 950 1467 Cetera
964 1425 1027 1465 sero
1041 1410 1110 1464 bena
1125 1407 1159 1465 ad

368 1507 452 1561 sitam
482 1506 563 1575 pianr,
587 1521 638 1575 qua
664 1505 735 1560 bens
761 1515 832 1559 recte
857 1502 963 1568 colitur,
989 1499 1156 1572 pertinentia,

366 1601 446 1653 etiam
472 1598 521 1668 ipsi
544 1606 652 1667 propter
671 1612 738 1668 qnos
752 1596 812 1651 bec
826 1596 937 1666 agimus,
954 1593 1000 1648 bei
1015 1593 1084 1648 dona
1097 1605 1158 1646 esse

366 1689 528 1744 concedunt.
551 1686 644 1744 Omnia
663 1703 743 1758 porro
756 1686 824 1742 duna
838 1698 895 1752 sua,
910 1695 938 1740 et
949 1683 1045 1754 quibus
1054 1698 1084 1738 ea
1098 1681 1157 1736 lue·

367 1791 408 1834 rat
423 1781 574 1851 largiturus,
602 1781 685 1835 Deum
705 1779 844 1848 praescisse
856 1792 954 1847 negare
968 1790 1021 1831 non
1034 1778 1157 1845 possurd.

367 1869 443 1924 Sicut
456 1885 521 1939 ergo
533 1877 629 1924 cetera
643 1868 809 1939 predicanda
821 1877 900 1930 sunt,
916 1876 945 1920 ut
957 1865 1001 1935 qni
1016 1878 1047 1920 ea
1060 1863 1157 1933 predi·

366 1967 421 2022 eat,
436 1959 592 2014 obedienter
602 1958 738 2022 audiatur;
753 1959 788 2011 ita
803 1957 999 2026 predestinatio
1012 1954 1158 2024 predican-

367 2049 400 2102 da
414 2059 475 2114 est,
493 2060 521 2103 ut
535 2050 580 2119 qui
593 2048 750 2103 obedienter
762 2048 819 2102 bec
833 2046 916 2111 audit,
931 2061 985 2100 non
998 2045 1023 2100 iu
1037 2044 1155 2109 bomine,

366 2159 398 2196 ae
417 2159 464 2211 per
480 2143 531 2197 boc
544 2157 594 2196 nee
609 2142 635 2196 in
648 2156 678 2196 se
693 2141 761 2210 ipso,
777 2138 823 2194 sed
838 2139 863 2192 in
881 2138 993 2192 Domino
1005 2137 1134 2207 glorietur
1149 2154 1156 2191 a

365 2236 428 2304 quia
447 2243 474 2289 ct
494 2233 544 2290 boc
567 2234 613 2289 liei
637 2242 796 2304 preceptum
812 2240 868 2296 cst,
883 2239 910 2285 et
927 2230 977 2285 boe
995 2237 1155 2300 praeceptum

366 2329 523 2382 obedienter
533 2327 635 2388 audire,
649 2327 676 2380 id
689 2334 741 2390 est,
753 2334 782 2389 st
800 2325 846 2394 qai
860 2323 994 2395 pieriotar,
1006 2322 1033 2375 in
1046 2319 1157 2374 bomine

364 2420 487 2494 plorietar
499 2418 530 2490 (1
545 2417 603 2473 Gor.
620 2434 640 2481 ι,
652 2418 684 2472 sl
696 2417 718 2488 )‚
735 2414 858 2470 similiter
877 2424 905 2467 ut
919 2423 1031 2476 cetera,
1048 2411 1094 2465 bei
1109 2411 1157 2465 do·

367 2526 432 2564 nunt
446 2520 499 2564 est.
515 2509 593 2577 and
606 2507 706 2562 dotatam
718 2507 762 2576 qui
776 2521 830 2560 non
843 2504 933 2568 babet,
949 2518 1002 2557 non
1015 2501 1109 2556 dubito
1117 2501 1158 2554 di·

365 2617 437 2668 cere,
449 2603 502 2657 alia
513 2614 688 2671 quecumque
702 2599 791 2663 babet,
806 2597 921 2651 inaniter
936 2594 1025 2650 babet.
1041 2594 1097 2648 lloc
1108 2591 1159 2648 Pe-

365 2695 620 2765 lagianimptarnus,
641 2699 670 2747 ot
692 2690 824 2753 babeant;
849 2687 892 2741 isti
915 2695 1002 2740 autern
1023 2683 1107 2739 nostri
1128 2691 1159 2738 ut

366 2785 470 2854 plenius
486 2783 609 2837 babeant.
624 2780 681 2834 Non
696 2780 784 2848 itaque
800 2778 882 2831 simus
898 2777 923 2830 iu
936 2772 1157 2844 disputationibus

367 2872 494 2944 prompti,
509 2880 536 2926 et
545 2871 571 2924 in
581 2868 745 2924 orationibus
758 2867 834 2936 pigri.
847 2864 971 2929 Oramus,
978 2860 1155 2928 dilectissimi,

365 2977 486 3030 ereneus,
502 2972 530 3015 ut
549 2960 619 3016 Deras
635 2959 728 3030 gratie
746 2957 791 3012 det
811 2956 890 3011 etiam
911 2953 1024 3010 inituicis
1040 2951 1156 3018 nostris,

366 3052 535 3121 marinisque
553 3049 679 3107 tratribus
700 3055 727 3103 et
744 3046 915 3103 dilectoribus
935 3047 1043 3107 nostris,
1056 3043 1156 3100 intelli·

364 3159 429 3214 pere
438 3153 464 3220 et
477 3141 607 3208 eontmi,
617 3148 677 3211 post
689 3140 822 3210 ingentem
833 3146 861 3193 et
872 3135 1031 3192 inedibilem
1040 3134 1154 3200 ruinam,

883 651 982 711 blBER
1002 650 1046 706 be
1066 648 1156 704 BONO
1176 641 1485 701 rottsut‘tsttautte.

1934 643 2002 698 luet

1215 778 1297 833 buum
1312 786 1412 832 tanturn
1423 778 1537 833 dicimus
1548 775 1691 839 Cluistnm,
1707 777 1774 832 sicut
1789 777 1906 834 baeretici
1921 780 2004 836 llant-

1213 870 1300 934 clttei;
1323 885 1373 925 noc
1396 870 1531 925 laomittetu
1552 879 1664 934 tardant,
1684 871 1753 926 sicut
1772 870 1889 926 lteleliei
1910 871 2003 928 Plauti·

1213 961 1300 1025 niani;
1314 975 1364 1016 uec
1374 960 1408 1015 ita
1421 960 1566 1023 bominem,
1579 971 1607 1015 ut
1620 960 1718 1031 aliquid
1728 963 1817 1016 minus
1826 962 1922 1016 lrabeat
1932 963 2002 1032 qnod

1213 1053 1246 1106 ad
1260 1052 1403 1106 bastitanam
1418 1062 1521 1107 eertum
1534 1062 1576 1106 est
1588 1055 1723 1123 pertinere
1733 1064 1863 1114 tinnirent.
1875 1057 1932 1112 site
1942 1053 2000 1108 arri·

1213 1158 1283 1195 nram
1307 1142 1364 1196 sire
1382 1142 1408 1196 iu
1428 1143 1483 1212 ipsa
1505 1144 1592 1196 anima
1616 1155 1732 1198 merrtem
1753 1145 1925 1209 rationalem,
1947 1147 2004 1201 siue

1211 1247 1332 1297 caruero,
1348 1249 1400 1288 riou
1413 1233 1447 1288 de
1457 1234 1553 1290 icttrina
1563 1243 1706 1304 sumptam,
1719 1235 1768 1289 sed
1783 1234 1877 1290 iactatu
1890 1237 1925 1292 de
1938 1237 2004 1292 ller-

1214 1323 1248 1377 bo
1262 1324 1288 1377 in
1302 1339 1410 1379 carnem
1419 1339 1550 1380 conuerso
1560 1336 1642 1394 atque
1654 1335 1770 1391 mutato;
1785 1343 1845 1396 que
1854 1328 1943 1382 emnia
1954 1329 2002 1382 tria

1211 1413 1278 1479 laesa
1291 1424 1403 1484 ctraua,
1416 1417 1600 1473 baereticorum
1611 1418 1858 1487 apollinaristarum
1872 1429 1927 1476 tres
1941 1435 2002 1489 par·

1212 1516 1253 1561 tes
1274 1508 1363 1562 sarias
1381 1508 1551 1579 diuersasque
1569 1509 1688 1565 lecerunt
1704 1526 1711 1564 :
1727 1509 1773 1564 sed
1791 1509 1905 1565 dicimus
1922 1510 2001 1567 Chri·

1211 1605 1282 1650 stum
1296 1597 1379 1654 Deam
1393 1613 1495 1665 uerutis,
1509 1608 1598 1653 uatum
1613 1597 1646 1654 dc
1661 1599 1716 1655 beo
1729 1600 1807 1655 Patre
1821 1601 1880 1656 sine
1897 1603 1951 1659 ullo
1962 1604 2003 1661 itt·

1211 1684 1259 1739 itio
1271 1688 1411 1756 temperis;
1422 1687 1598 1759 eumdemque
1608 1687 1743 1744 bortrinenr
1754 1705 1857 1755 uerunt,
1869 1700 1958 1745 natum
1969 1691 2003 1746 de

1211 1776 1319 1833 lteraine
1339 1787 1425 1834 matre
1446 1790 1518 1834 certa
1540 1780 1701 1848 pleatitudine
1714 1781 1856 1849 temporis;
1878 1796 1927 1836 nec
1945 1782 2004 1851 ejus

1212 1864 1415 1933 humanitatem,
1431 1884 1481 1938 qua
1493 1869 1581 1922 minor
1594 1879 1635 1925 est
1647 1868 1724 1924 Patre
1734 1869 1754 1933 ¹,
1768 1869 1889 1924 minnere
1903 1870 2002 1940 aliquid

1210 1956 1269 2024 ejus
1289 1957 1447 2026 diuinitati',
1469 1975 1520 2029 qua
1542 1960 1650 2029 equalis
1672 1970 1714 2015 est
1734 1960 1816 2015 Patri.
1842 1960 1896 2016 lloc
1913 1971 2001 2017 autem

1210 2057 1352 2118 utrumque
1367 2064 1436 2105 uatus
1449 2060 1490 2104 est
1505 2050 1642 2118 Christus,
1657 2051 1702 2121 qui
1719 2060 1746 2106 et
1759 2052 1904 2107 secundum
1920 2054 2001 2109 beunt

1209 2141 1348 2197 uerissime
1360 2141 1435 2206 dixit,
1452 2141 1507 2212 Epo
1521 2151 1543 2196 et
1558 2141 1637 2196 Peter
1659 2159 1738 2196 urium
1759 2160 1845 2199 sumus
1866 2142 1955 2216 (loon.
1971 2160 2000 2210 x,

1209 2231 1255 2304 bb)
1271 2242 1319 2288 :ct
1341 2234 1488 2289 secumdum
1509 2234 1643 2289 litantinem
1664 2236 1802 2291 verissime
1824 2236 1900 2299 dixit,
1923 2235 2001 2291 Pater

1209 2325 1293 2394 major
1306 2339 1346 2378 nie
1359 2333 1395 2378 est
1412 2323 1474 2395 (ld.
1486 2339 1540 2388 ιιι,
1553 2323 1589 2380 28
1598 2306 1619 2393 )’.
1643 2317 1778 2396 Qui-'ergo
1798 2325 1868 2380 bunc
1887 2324 1950 2382 lecit
1966 2342 2001 2382 ιιι

1209 2414 1312 2468 serrdoe
1334 2414 1414 2467 barid
1438 2414 1573 2468 bominem
1593 2415 1706 2483 iustum,
1720 2416 1764 2485 qui
1784 2430 1917 2485 nunquam
1931 2424 2003 2472 essct

1211 2500 1326 2570 irtjtrstus
1339 2502 1398 2557 sine
1410 2502 1464 2555 ulle
1476 2504 1572 2556 merito
1586 2503 1761 2572 praecedentis
1772 2504 1916 2559 vtrluntatis
1927 2504 2000 2575 ejus;

1211 2591 1309 2660 ipseett
1320 2591 1427 2662 injustis
1437 2592 1500 2647 lacit
1506 2592 1602 2662 justos,
1612 2593 1669 2648 sine
1679 2593 1735 2648 ullo
1743 2594 1838 2648 merito
1850 2591 2002 2664 preceden-

1210 2685 1245 2737 tis
1255 2682 1399 2738 reluutatis
1418 2684 1546 2753 imorum,
1567 2693 1595 2739 ut
1613 2684 1659 2740 ille
1675 2696 1762 2755 eaput,
1775 2686 1802 2741 bi
1817 2689 1935 2742 membra
1948 2689 2002 2742 sint

1209 2774 1277 2844 ejus.
1298 2775 1348 2844 Qui
1372 2791 1436 2846 ergo
1458 2775 1521 2831 iecit
1540 2777 1615 2832 illum
1637 2777 1782 2845 bominem,
1798 2780 1856 2835 sine
1871 2781 1932 2835 ullis
1942 2781 2001 2851 elus

1208 2864 1420 2935 precedentibus
1433 2866 1552 2933 meritis,
1568 2867 1670 2922 nullum
1683 2869 1753 2938 quod
1767 2869 1791 2923 ei
1803 2869 1999 2938 dimitteretur,

1208 2955 1250 3010 uel
1269 2956 1372 3028 origine
1391 2957 1561 3023 treberensi
1574 2959 1710 3015 ιιΙιιιιιι
1729 2970 1884 3030 perpetrare
1902 2977 2000 3031 peeca-

1210 3053 1281 3112 tum,
1306 3046 1364 3116 ipse
1380 3047 1463 3103 nullis
1484 3063 1577 3104 eorum
1598 3049 1809 3118 precedentibus
1821 3051 1926 3106 meritis
1940 3051 2002 3107 lacit

1207 3139 1349 3197 credentes
1362 3142 1389 3196 in
1403 3156 1475 3210 eum,
1488 3143 1587 3212 quibus
1605 3142 1720 3198 dimitte
1740 3158 1820 3198 ontne
1838 3152 1977 3215 moestum
1991 3162 1999 3198 a

365 3251 418 3302 qim
432 3234 459 3287 in
470 3248 523 3288 uno
535 3247 628 3287 omnes
639 3231 793 3297 cecidimus,
805 3231 939 3284 neminem
950 3227 999 3283 nisi
1009 3227 1093 3298 qratia
1108 3225 1156 3281 bei
1209 3232 1255 3304 qui
1267 3232 1331 3290 lecit
1342 3233 1417 3291 illum
1431 3235 1521 3300 talem,
1531 3242 1561 3290 ut
1570 3250 1704 3306 nuuqrram
1715 3236 1837 3291 babuerit
1849 3236 2002 3291 babituram-

365 3323 491 3390 iiberari3
515 3337 627 3392 eamque
642 3321 849 3377 nonsecundum
865 3315 1158 3388 meritaareipientiuut
1208 3339 1262 3395 que
1276 3325 1313 3380 sit
1324 3326 1486 3383 rmunbtenr
1513 3327 1626 3392 utalam3
1651 3326 1708 3396 ipse
1733 3326 1797 3382 iacit
1819 3328 1846 3382 in
1872 3329 2000 3386 niombrts

366 3429 492 3485 tanquam
505 3414 621 3471 debitam
636 3414 726 3477 reddi,
742 3411 789 3468 sed
802 3421 925 3481 tauquam
940 3424 1030 3464 ueram
1044 3406 1156 3481 qratiam
1209 3417 1268 3486 ejus
1280 3431 1314 3471 ex
1326 3417 1396 3473 mla
1409 3417 1546 3472 actoritate
1561 3416 1668 3471 lenam.
1691 3418 1725 3472 Ει
1744 3418 1819 3473 illum
1835 3433 1900 3489 ergo
1911 3427 1939 3473 et
1949 3434 2000 3475 ῃω

365 3507 448 3561 ιιιΙΙίι
459 3505 561 3560 meritis
575 3503 785 3574 precedentibus
797 3503 879 3573 gratis
892 3499 961 3555 ilari.
1211 3505 1422 3577 predestinauim
1441 3507 1502 3578 quia
1515 3516 1543 3562 et
1558 3507 1584 3560 io
1597 3507 1643 3562 illo
1655 3516 1683 3563 ut
1694 3517 1766 3563 esset
1779 3518 1858 3577 eaput
1869 3518 2001 3577 nostrum,

404 3597 450 3652 er.
473 3595 578 3650 Nautium
600 3603 688 3676 autent
709 3602 750 3649 est
771 3592 898 3648 illustrius
918 3587 1158 3662 predestinationis
1211 3605 1240 3655 et
1258 3598 1285 3652 in
1302 3597 1380 3652 nobis
1398 3607 1427 3653 ut
1443 3598 1502 3667 ejus
1513 3611 1610 3666 eorpus
1623 3612 1755 3664 ιιιιιιιι,
1769 3613 1823 3655 nort
1838 3613 2001 3669 precessore

365 3687 518 3759 exemplum
531 3704 609 3758 quam
625 3687 768 3759 lpselesus
782 3702 789 3740 a
803 3686 874 3742 unde
893 3693 921 3741 et
942 3686 968 3741 in
988 3683 1075 3755 primo
1088 3683 1158 3742 libro
1209 3687 1307 3744 merita
1320 3697 1421 3755 nestra,
1434 3687 1482 3743 sed
1494 3702 1575 3758 opera
1589 3702 1637 3742 sata
1652 3688 1739 3744 tratura
1752 3689 1895 3759 praescisis.

365 3781 420 3851 jam
433 3779 565 3850 disputari
579 3778 631 3846 (De
643 3776 870 3834 Prodestinctioue
884 3775 1045 3842 Sanctorum,
1056 3793 1101 3831 on.
1111 3774 1156 3845 sb,
1246 3777 1291 3834 68.
1313 3777 1363 3845 Qui
1384 3777 1476 3848 legunt
1491 3777 1561 3844 bec,
1575 3778 1598 3833 si
1611 3778 1771 3847 intelligunt,
1785 3788 1864 3848 agant
1876 3778 1932 3834 lieo
1942 3793 2004 3849 gra·

366 3873 423 3942 bl),
438 3880 466 3927 et
479 3871 505 3925 in
519 3870 596 3941 liujus
612 3871 663 3925 lane
676 3869 863 3926 commendare
876 3868 962 3938 delegi
973 3867 1091 3923 :nullum
1105 3876 1157 3935 ιιι,
1210 3868 1263 3923 tias
1277 3885 1285 3921 a
1299 3869 1344 3940 qui
1358 3878 1447 3924 autent
1466 3883 1520 3924 uon
1537 3868 1696 3939 intelligunt,
1709 3877 1787 3924 orent
1806 3878 1834 3924 ut
1852 3884 1945 3925 comm
1958 3869 2003 3928 ille

367 3963 487 4033 inquam,
506 3962 633 4017 illustrius
653 3960 892 4032 predestinationis
914 3961 1064 4032 exemplum
1078 3975 1159 4031 quam
1210 3960 1245 4015 sit
1257 3959 1351 4015 ductor
1364 3960 1496 4026 interior,
1508 3959 1613 4030 acuitas
1625 3959 1693 4015 lacie
1707 3968 1749 4016 est
1760 3960 1872 4016 scientia
1884 3969 1912 4017 et
1925 3960 2004 4017 intel·

367 4054 425 4123 ipse
440 4053 577 4108 llediator.
599 4052 725 4123 Quisquis
743 4052 828 4108 tidelis
841 4052 897 4107 uult
908 4067 967 4107 eam
982 4051 1050 4106 bene
1063 4051 1170 4107 intelli«
1212 4051 1296 4107 lectus
1310 4049 1401 4126 (Pron.
1412 4068 1442 4115 u,
1452 4068 1502 4107 sec.
1514 4051 1608 4121 Lxx).
1623 4052 1849 4119 deutereseos
1860 4052 2002 4109 tneesisti·

366 4160 442 4217 qere,
462 4146 581 4201 suendae
606 4146 704 4216 ipsum,
727 4153 808 4214 atque
833 4143 859 4199 in
884 4143 929 4197 illo
950 4143 1066 4200 inueniat
1085 4149 1160 4198 etse
1212 4154 1297 4213 mant,
1311 4145 1391 4200 etiam
1413 4156 1493 4216 atque
1511 4147 1592 4200 etiarn
1612 4146 1753 4216 diligenter
1770 4163 1831 4217 que
1849 4155 1913 4202 sunt
1933 4146 2003 4202 dieta

367 4241 455 4310 ipsum
472 4258 479 4293 ι
495 4238 591 4307 tidelis,
614 4239 741 4308 inquam,
760 4235 804 4307 qui
824 4235 849 4290 io
872 4250 904 4290 eo
927 4249 1017 4290 reram
1038 4243 1161 4290 naturam
1212 4236 1391 4302 eotrsidereut,
1406 4235 1570 4292 neiortassis
1584 4236 1634 4305 ipsi
1647 4245 1747 4292 errent.
1770 4236 1927 4306 bqoautcm
1941 4252 2003 4295 matta

367 4312 455 4386 credit
465 4339 494 4386 et
506 4331 647 4385 cotilitctur
661 4327 813 4393 humanam,
828 4325 854 4382 id
867 4333 909 4381 est
918 4331 1052 4392 nostram,
1065 4340 1160 4394 quaru-
1213 4342 1262 4397 per
1276 4340 1323 4382 eos
1340 4327 1383 4396 qui
1399 4340 1473 4381 meos
1485 4326 1591 4381 labores
1603 4326 1704 4395 legunt,
1719 4339 1773 4380 eon
1786 4325 1873 4380 sulum
1886 4325 2001 4394 docum,

366 4423 410 4476 ris
423 4420 592 4491 singulariter
602 4418 762 4489 suscipiente
774 4417 828 4471 beo
838 4414 937 4480 Verbo,
951 4415 978 4469 in
993 4415 1099 4468 unicum
1115 4412 1161 4468 st·
1214 4432 1306 4472 uerum
1328 4417 1409 4473 etiam
1427 4415 1593 4470 emendatior
1611 4418 1657 4481 be,
1673 4415 1815 4486 propitium
1835 4414 1901 4471 mibi
1919 4415 2003 4472 Dertttt

368 4513 435 4567 litant
451 4513 497 4567 bei
507 4512 686 4577 sublimatam,
700 4511 737 4565 ita
750 4518 780 4564 ιι
791 4508 837 4579 qui
849 4507 964 4578 suscepit
979 4516 1005 4561 et
1015 4505 1085 4577 quod
1099 4520 1159 4563 sus·
1213 4517 1391 4578 agnoseozet
1408 4507 1460 4563 ltec
1481 4524 1529 4579 per
1548 4507 1812 4565 Ecclesiedoctores
1825 4507 1940 4564 masinae
1953 4523 2003 4565 ex·

369 4603 444 4674 oepit
464 4618 516 4657 urta
536 4613 608 4658 esset
625 4603 653 4656 in
674 4600 801 4656 Trinitate
820 4612 943 4670 persona.
969 4595 1061 4667 Neque
1089 4596 1161 4652 enirn
1189 4585 1192 4588 ’
1214 4607 1319 4668 specto3
1339 4598 1363 4654 si
1383 4606 1411 4654 et
1429 4598 1456 4653 in
1475 4598 1593 4668 ipsoruru
1607 4612 1702 4654 manus
1714 4598 1794 4664 veuit,
1808 4598 2004 4671 dignanturque

369 4695 479 4752 ltorttine
493 4703 629 4765 assumpto
642 4693 805 4764 quaternitas
817 4689 886 4746 laeta
899 4698 958 4758 est,
978 4687 1026 4745 sed
1045 4688 1162 4745 Trinitas
1214 4703 1295 4745 nosse
1308 4688 1379 4758 qued
1388 4689 1487 4744 scribo.

369 4785 480 4849 marrsit,
492 4783 673 4855 assumptione
682 4783 726 4837 illa
738 4779 905 4836 ineffabiliter
915 4778 1030 4835 iaciente
1041 4794 1161 4850 persone
1247 4821 1425 4870 ,mm
1447 4830 1584 4881 mm
1592 4825 1628 4870 a,
1639 4825 1711 4869 m

369 4877 451 4931 unius
479 4875 505 4928 in
527 4874 583 4930 beo
601 4872 757 4951 etbomine
779 4870 930 4927 veritatem.
954 4868 1085 4937 Quoniam
1100 4867 1163 4924 'troo
1246 4851 1619 4940 *stantemstantem
1712 4854 1718 4868 '

760 5057 928 5115 Fuscmrtus
940 5056 967 5111 io
977 5056 1030 5114 line
1043 5056 1103 5112 libri
1116 5055 1150 5113 de
1164 5054 1348 5115 lucarnatioue
1358 5066 1385 5114 et
1396 5056 1487 5114 Gratia
1499 5057 1531 5112 b.
1541 5056 1574 5114 ll.
1588 5056 1614 5113 l.

409 5177 480 5231 beas
494 5174 539 5244 qui
554 5173 688 5228 brtrninem
700 5171 830 5236 condidit,
845 5172 902 5239 ipse
913 5168 1146 5240 predestinatione
1155 5180 1202 5222 sua
1212 5177 1240 5223 et
1249 5167 1348 5223 donum
1358 5169 1557 5227 illuminationis
1567 5169 1601 5227 ad
1611 5168 1786 5237 eredendum,
1799 5181 1826 5225 et
1836 5171 1935 5227 drauum
1946 5187 2006 5242 per,

373 5267 532 5323 seremntie
547 5264 580 5319 ad
597 5263 791 5333 proficiendum
800 5273 881 5331 atque
894 5259 1115 5330 permanendum,
1130 5269 1158 5314 et
1170 5259 1269 5316 donum
1279 5260 1479 5330 qlorilicationis
1489 5261 1522 5316 ad
1535 5260 1709 5333 regnandum,
1724 5261 1820 5329 quibus
1832 5262 1898 5318 dare
1913 5265 2004 5328 volarit,
2040 5299 2043 5303 -

372 5359 552 5431 preparavit:
566 5358 667 5428 quippe
679 5371 732 5411 oon
746 5355 823 5410 aliter
835 5354 939 5424 perlicit
952 5355 980 5411 io
992 5369 1090 5422 opere,
1105 5354 1226 5424 quamln
1239 5368 1288 5410 sua
1301 5354 1460 5423 sempiterna
1475 5363 1557 5424 atque
1567 5352 1777 5410 baecmmstabili
1795 5354 1876 5412 babet
1895 5356 2009 5426 disposi-

372 5458 430 5502 tom
446 5448 589 5503 voluntate.
607 5445 690 5514 Cuius
701 5444 940 5515 predestinationis
951 5445 1100 5508 nminem,
1114 5458 1166 5514 qua
1176 5457 1227 5501 aas
1237 5453 1301 5500 aute
1311 5445 1403 5502 mundi
1416 5444 1632 5501 constitutionem
1646 5443 1846 5513 pmdmtieatos
1860 5448 1887 5502 io
1899 5446 2007 5505 cbeism

371 5550 486 5598 testatm
498 5539 651 5610 Apostolus,
665 5537 759 5608 siquis
770 5536 900 5593 detrectat
911 5536 1000 5592 emulis
1012 5537 1169 5594 credulitate
1179 5537 1318 5606 recipere,
1335 5538 1377 5593 rel
1389 5539 1443 5594 oris
1455 5537 1622 5593 misecone
1634 5537 1763 5607 prderre,
1776 5540 1798 5594 si
1811 5549 1873 5597 ante
1885 5541 2006 5601 utstatim

371 5632 446 5687 diem
458 5631 519 5686 rite
532 5628 673 5702 presentis
685 5668 694 5696 ,
708 5627 851 5698 impietatis
864 5641 920 5682 sue
931 5627 1136 5694 contumaciam,
1148 5643 1200 5698 otta
1214 5627 1271 5685 Dee
1283 5629 1343 5684 viro
1356 5637 1384 5685 et
1395 5643 1460 5685 uero
1472 5628 1579 5685 rebellis
1593 5629 1771 5696 chistianus
1784 5633 1925 5701 abjecerit:
1949 5642 2008 5688 ma·

373 5723 499 5778 railestum
522 5733 563 5777 est
579 5736 640 5776 eum
657 5728 712 5774 ‘non
729 5719 863 5789 pertinere
874 5717 907 5773 ad
922 5733 1014 5773 eorum
1030 5734 1180 5780 numerum,
1196 5734 1263 5789 quos
1279 5719 1349 5775 Deus
1361 5720 1388 5774 in
1400 5719 1506 5775 Christo
1518 5728 1579 5774 atate
1590 5720 1680 5775 mundi
1693 5723 1907 5777 eortstitutionem
1925 5723 2007 5791 eratis

371 5818 456 5885 elegit
473 5825 501 5870 et
523 5813 723 5885 predestinavit
741 5811 775 5867 ad
795 5826 916 5881 mpourm
941 5811 993 5866 Pro
1010 5810 1107 5881 quibus
1130 5821 1219 5867 emen
1241 5826 1292 5868 aee
1310 5812 1396 5866 oratio
1415 5809 1533 5866 lidelium
1554 5810 1635 5867 debet
1656 5812 1798 5879 desistere,
1820 5826 1871 5867 nee
1890 5811 2008 5868 marias

370 5907 516 5976 aliquande
535 5917 660 5976 torpere;
685 5914 715 5961 ut
736 5904 815 5967 Deus,
832 5904 871 5957 eis
888 5903 1000 5974 qratiam
1021 5916 1077 5958 sae
1097 5902 1298 5958 illuminationis
1316 5903 1408 5968 donet,
1433 5918 1482 5973 per
1502 5918 1581 5972 qaam
1601 5903 1627 5957 ie
1651 5905 1716 5974 ipsis
1733 5917 1825 5956 ιιιιιιι
1843 5900 1925 5955 divini
1949 5914 2011 5958 aar.

374 6002 464 6057 mortis
477 5998 628 6066 fructificet,
642 5999 689 6069 qui
702 5997 800 6054 lanera
814 5995 990 6053 exmrioribus
1002 5993 1112 6052 auribus
1125 6004 1212 6063 senat,
1224 5994 1275 6050 nisi
1290 5994 1360 6051 betas
1373 5995 1502 6067 spiritmdi
1516 6010 1627 6051 munere
1638 5995 1756 6049 ιιιιιιιιιιι
1768 5990 1884 6047 hemiaris
1895 5985 2007 6053 intend·-

372 6090 414 6148 ris
426 6091 536 6162 aperiat
1942 6113 1944 6115 ·

502 6171 638 6234 Parnon.
656 6145 750 6234 iltv.
1572 6174 1824 6256 (Tranio-trois.)
