4900 6892
418 656 482 715 iiii

415 773 461 843 qni
472 779 651 845 et·anthuam
665 771 691 827 iu
704 785 785 830 carne
794 773 908 842 veniret,
919 786 968 843 per
979 771 1057 828 idem
1068 771 1152 842 ipsam
1162 786 1206 827 re·

415 863 516 929 deurit,
540 881 591 936 qua
611 864 769 920 credebatur
790 880 849 921 esse
871 872 1009 922 ventums.
1031 864 1207 920 Redirnuutrrr

414 965 504 1010 autem
527 956 553 1011 in
575 955 725 1012 libertatem
747 957 916 1012 beatitudinis
938 956 1146 1027 sempiternam,
1163 954 1206 1010 ubl

412 1043 468 1116 iam
481 1054 592 1116 peccato
611 1047 712 1102 servire
733 1062 785 1100 nou
808 1054 928 1116 possunt.
935 1046 1000 1102 llam
1013 1047 1046 1112 si,
1062 1055 1090 1100 ut
1104 1046 1170 1101 dicis
1184 1046 1205 1112 ¹,

414 1135 479 1192 boni
506 1138 624 1208 malique
649 1138 793 1192 voluntarii
821 1137 982 1207 possibilitas
1013 1136 1070 1190 sola
1096 1136 1206 1191 libertas

413 1238 473 1293 est;
504 1247 514 1281 ι
541 1245 593 1282 ιιοιι
620 1227 700 1283 babet
729 1229 875 1283 libertatern
898 1228 984 1292 Deus,
1015 1227 1040 1281 in
1063 1241 1115 1296 quo
1141 1240 1204 1295 pec-

411 1317 490 1372 candi
515 1317 676 1388 possivilitas
704 1332 756 1372 non
783 1328 834 1372 est.
864 1316 984 1372 Hominis
1007 1330 1071 1371 vero
1092 1315 1204 1368 libertam

411 1409 551 1463 arbitrium
562 1410 731 1478 congenitum
745 1416 772 1464 et
784 1407 894 1462 omuino
908 1405 1081 1462 inamissibile
1094 1405 1116 1460 si
1130 1419 1204 1475 quae-

409 1498 517 1566 rimus,
533 1500 598 1556 illud
612 1508 655 1555 est
667 1515 719 1570 quo
736 1499 805 1554 beati
819 1513 912 1554 omnes
926 1498 1109 1564 essevolunt,
1124 1497 1204 1552 etiam

410 1589 437 1644 ιιι
453 1590 544 1659 quiea
558 1592 652 1646 nolunt
665 1607 723 1660 quar
738 1590 771 1646 ad
785 1589 974 1645 beatitudinem
988 1588 1100 1643 ducunt.

445 1680 505 1736 litt.
518 1681 578 1736 lut..
595 1680 711 1746 Deinde,
726 1689 755 1734 ut
772 1681 925 1750 praeruptal
938 1678 1070 1747 opinionis
1090 1686 1141 1732 tum
1162 1689 1205 1732 se·

408 1784 540 1840 quamtus,
563 1773 757 1843 argumentaris
776 1771 820 1825 tali
841 1770 992 1825 conditione
1006 1769 1117 1824 liberum
1130 1768 1202 1822 arbi·

409 1860 491 1915 triurn
513 1861 662 1916 ordinatum
685 1860 780 1927 luisse,
795 1869 824 1915 ιιι
840 1861 893 1915 vim
908 1873 983 1915 suam
998 1859 1092 1913 merito
1104 1869 1203 1913 secutae

408 1949 555 2006 uoluntatis
571 1951 719 2017 amitteret,
734 1958 762 2005 et
774 1949 908 2021 qualitatis
926 1963 1005 2018 qnam
1018 1946 1142 2017 elegisset
1153 1961 1201 2001 ne-

407 2041 578 2109 cessitatem,
600 2044 625 2097 in
644 2043 774 2112 reliquum
790 2042 940 2096 sustineret.
956 2040 1023 2095 ilinc
1034 2055 1098 2110 ergo
1110 2038 1202 2110 quida

408 2133 488 2188 uobis
502 2134 632 2190 celeratur
642 2135 759 2190 attende.
775 2133 879 2189 Siccine
893 2143 969 2204 putas
981 2133 1114 2188 bominem
1127 2148 1203 2189 crea·

408 2232 477 2291 tum,
489 2235 517 2279 ot
531 2225 598 2281 lranc
609 2226 701 2281 electae
711 2225 845 2295 qualitatis
856 2224 1041 2279 necessitatem
1053 2224 1202 2293 inutraque

407 2324 486 2386 parte
499 2323 643 2385 pateretur,
656 2315 682 2370 id
695 2323 745 2380 est,
756 2323 784 2369 nt
797 2315 819 2369 si
832 2317 929 2371 bonum
942 2313 1078 2379 uoluisset,
1089 2313 1201 2368 ulterius

407 2420 520 2475 peccam
535 2422 588 2461 non
603 2415 708 2477 posset;
724 2414 751 2462 et
770 2406 792 2462 si
813 2405 938 2476 elegisset
959 2406 1074 2471 ntalurrt,
1089 2405 1156 2460 ultra
1171 2419 1201 2461 se

405 2498 553 2553 emendare
573 2498 713 2566 requireri
731 2512 764 2551 an
784 2507 813 2552 ιιι
831 2496 1015 2552 tautummodo
1029 2496 1124 2550 malam
1137 2512 1200 2566 par-

405 2578 461 2643 ter'u
477 2588 539 2642 mali
560 2589 705 2643 necessitas
718 2594 888 2657 sequeretur,
911 2587 936 2642 in
952 2586 1020 2641 bona
1034 2597 1121 2642 antem
1134 2585 1201 2641 nilril

405 2676 460 2730 tale
475 2675 652 2745 contingeret,
667 2675 714 2731 sed
727 2691 835 2746 semper
847 2676 971 2745 periculis
982 2675 1138 2731 varietatum
1154 2690 1201 2744 pa·

405 2766 495 2822 tereti
510 2766 549 2820 Ex
570 2766 611 2820 lris
630 2765 734 2821 duobus
755 2767 891 2838 quodlibet
911 2768 1009 2821 sumito
1029 2785 1037 2821 :
1057 2767 1079 2822 si
1100 2767 1200 2823 dixeris

405 2861 486 2915 talem
500 2858 594 2913 iactam
607 2872 667 2914 esse
680 2866 810 2923 naturam,
823 2875 881 2929 quae
894 2860 956 2914 mali
970 2867 1071 2914 tantum
1084 2860 1200 2914 necessi·

405 2959 488 3008 tatem
502 2959 636 3020 pateretur
648 2968 655 3005 ι
667 2950 732 3005 nulli
744 2950 851 3005 dubium
864 2951 1021 3015 remanebit,
1037 2951 1198 3006 teterrimam

405 3057 467 3099 eam
486 3040 605 3107 deliniri,
621 3041 663 3095 cui
679 3040 777 3111 pejoris
792 3040 875 3111 partis
890 3042 1015 3097 violentia
1028 3043 1083 3097 sola
1098 3042 1197 3097 tribua·

405 3140 468 3199 tur;
485 3131 663 3203 probaturque
677 3131 761 3186 Adam
776 3147 881 3203 quoque
894 3132 971 3188 mala
985 3132 1067 3189 luisse
1079 3144 1197 3201 natorae3

404 3232 433 3281 et
449 3224 546 3280 nullius
560 3223 709 3279 remanebit
721 3223 881 3287 voluntarii,
903 3227 953 3280 snb
973 3240 1024 3294 qoa
1046 3223 1197 3292 delitescas,

405 3314 501 3369 umbra
513 3314 658 3369 commissi.
672 3313 718 3369 Sin
732 3321 819 3369 antem
833 3314 991 3383 profitearis,
1005 3316 1085 3371 etiam
1098 3317 1124 3371 iu
1135 3315 1202 3372 boni

404 3414 483 3478 parte
498 3405 567 3462 idem
583 3405 663 3461 inisse
676 3413 839 3471 secutumm,
855 3405 946 3473 idest,
962 3407 1025 3460 ιιι-οι
1039 3406 1136 3462 bonnm
1148 3423 1199 3462 uo·

405 3498 509 3564 luisset,
523 3497 632 3553 ulterius
644 3512 755 3567 peccave
768 3512 821 3552 uon
834 3506 923 3568 posset
937 3515 944 3552 :
958 3498 1055 3565 rcicro,
1068 3497 1122 3552 Cur
1135 3512 1199 3570 ergo

403 3586 546 3659 meavit?
559 3587 613 3642 Cur
627 3586 726 3640 nullam
747 3600 841 3656 passus
859 3593 900 3641 est
918 3587 981 3642 boni
1002 3588 1196 3654 necessitatem,

404 3688 434 3732 ut
446 3677 549 3733 insidiis
559 3677 657 3732 diaboli
669 3677 878 3746 impenetrabilis
889 3685 1040 3747 appareret,
1053 3678 1098 3748 qui
1111 3678 1199 3748 aliquo

404 3777 544 3840 tempore,
568 3768 720 3838 priusquam
743 3775 882 3837 peccaret,
902 3767 984 3822 inisse
1002 3767 1130 3841 obediens
1145 3769 1199 3824 beo

404 3859 558 3916 inuenitur?
578 3858 672 3928 Neque
692 3859 763 3913 euim
788 3856 861 3913 illico
879 3856 950 3927 qood
970 3857 1091 3929 ingressu
1103 3859 1199 3914 anima

404 3948 487 4003 limus
500 3948 627 4018 intepuit,
642 3949 668 4002 in
683 3947 829 4017 appetitum
842 3947 919 4002 malae
932 3947 1075 4002 uoluntatis
1089 3949 1199 4005 exarsit.

403 4037 515 4109 Legitm
529 4038 665 4109 quinimo,
678 4037 711 4092 ad
727 4037 856 4092 culturam
871 4036 985 4107 paradisi
999 4037 1199 4108 custodiamque

405 4129 553 4184 translatos
573 4130 708 4200 accepisse
727 4137 887 4200 pracceptum
903 4142 918 4181 a
932 4128 1004 4194 lieo,
1028 4137 1057 4182 ut
1069 4129 1200 4184 universis

404 4221 537 4278 irtrctibus
549 4232 711 4287 vesceretur,
724 4220 770 4275 sed
783 4235 798 4274 a
810 4219 881 4289 ligno
893 4220 1011 4275 scientiae
1026 4218 1088 4274 boni
1103 4229 1129 4274 ct
1142 4235 1198 4273 nra-

404 4314 440 4379 li,
455 4313 527 4369 dieto
541 4314 651 4369 audiens
663 4312 819 4367 abstineret.
831 4314 980 4381 Antequam
994 4326 1057 4383 ergo
1070 4311 1104 4367 de
1116 4312 1200 4370 latere

404 4404 465 4476 ejus
484 4419 581 4475 corpus
600 4403 759 4459 lnrmarctur
772 4403 880 4468 uxoris,
896 4402 1023 4458 obediens
1037 4403 1134 4458 mansit
1148 4403 1199 4459 im-

404 4498 490 4568 perio,
504 4497 601 4552 amoerri
615 4497 688 4550 ruris
699 4492 805 4549 cultor¹
822 4494 952 4549 innocuos
964 4511 972 4549 ι
986 4503 1046 4564 post
1059 4494 1111 4550 boc
1124 4509 1198 4561 acro,

405 4589 568 4660 adjutorium
589 4588 684 4642 similis
702 4585 753 4641 sibi
771 4585 903 4641 consortis
918 4585 1041 4642 emeruit.
1057 4585 1201 4641 inculcarit

405 4695 505 4751 nempe
524 4680 573 4735 bas
592 4678 776 4734 distinctiones
794 4684 945 4746 temporum
960 4677 1104 4748 Scriptura
1123 4678 1198 4735 ides.

406 4771 550 4840 Postquam
568 4783 633 4824 vero
649 4768 703 4839 jam
723 4767 773 4822 sibi
792 4767 929 4823 mulierem
942 4765 1008 4822 vidit
1021 4776 1158 4838 paratam,
1172 4768 1199 4823 ln

406 4871 510 4918 nutam
528 4871 663 4931 praecepto
677 4859 725 4915 [ιιι
743 4859 837 4915 sedulo
856 4858 1032 4913 famulabatur
1050 4858 1156 4927 cilicio,
1172 4870 1201 4916 ut

406 4957 487 5011 etiam
501 4955 606 5010 lemine
619 4954 714 5024 legem,
729 4968 807 5022 quam
823 4962 972 5022 acceperat,
985 4952 1128 5008 intimaret.
1142 4953 1200 5009 Non

405 5047 494 5104 solnm
509 5047 590 5117 igitur
602 5057 692 5102 custos
705 5044 805 5110 dirim,
823 5043 869 5099 sed
883 5044 962 5098 etiam
978 5043 1135 5114 predicator
1148 5045 1199 5101 im-

406 5137 484 5207 perii,
498 5135 677 5191 condocefecit
692 5135 774 5190 Euam
787 5143 815 5189 et
825 5134 1000 5189 reuerentiam
1011 5135 1198 5205 praecipientis,

407 5239 432 5285 et
444 5243 529 5297 genus
543 5226 690 5289 servitutis,
706 5235 732 5280 et
747 5239 854 5280 eausam
868 5224 981 5279 timoris.
995 5223 1058 5281 lude
1071 5233 1112 5282 est
1124 5226 1202 5296 qnip-

405 5330 440 5390 pe
453 5317 525 5387 quod
541 5318 620 5372 etiam
630 5307 736 5372 ¹mulier
749 5315 933 5386 congredienti
946 5314 1053 5372 diabolo
1067 5317 1200 5373 obluctata

407 5408 532 5475 sollicite,
546 5409 589 5464 coi
601 5408 667 5462 nibil
679 5409 748 5463 Deus
760 5408 947 5475 imperaverat,
959 5404 1056 5461 refellit
1068 5408 1200 5478 serpentis

406 5502 492 5574 prima
517 5503 603 5556 lronte
627 5499 781 5563 mendacia,
803 5507 831 5553 et
852 5498 917 5555 dicit
938 5514 990 5553 non
1012 5499 1199 5555 abstinentiam

405 5593 526 5648 omnirnu
550 5593 699 5662 lignorum,
722 5590 790 5644 sicut
813 5589 857 5644 ille
878 5590 1059 5654 contruxerat,
1078 5589 1199 5646 sedeam

407 5683 538 5754 permissu
550 5682 690 5737 lertilitatis
701 5680 832 5736 universe
844 5679 922 5735 unius
935 5688 1036 5734 tautum
1049 5679 1199 5735 mandatam

406 5774 555 5831 arlrasculac
575 5774 741 5836 cantionem,
764 5779 918 5843 metumque
939 5773 1033 5826 mortis
1054 5772 1197 5841 obiectum,

437 5930 446 5961 ¹
466 5928 610 5990 t'ignierius,
625 5924 711 5975 ttantst’
721 5931 745 5974 ιιι
755 5922 825 5986 diem
837 5930 902 5982 lits,
914 5932 972 5974 uiuat
983 5922 1014 5985 st',
1026 5929 1051 5973 ιιι
1060 5923 1129 5974 dicia

436 5992 448 6024 ²
464 5990 500 6039 slc
512 5995 552 6036 tts.
566 5988 779 6048 rortt‘ignicrius,
786 5991 909 6048 prorupta.

438 6051 449 6085 ι
463 6057 501 6100 tttc
517 6057 569 6100 ttss.
580 6049 638 6099 tiilti
650 6061 719 6109 vcro,
731 6055 816 6097 οιιιιοι.

1115 658 1217 715 ttustt
1236 655 1379 719 SEXTUS.

1979 661 2051 716 ib„

1261 773 1306 842 qui
1319 777 1327 808 ¹
1340 776 1556 845 prevaricatores
1568 775 1630 846 jure
1647 785 1811 847 sequeretur.
1827 775 1883 833 lion
1898 791 1962 849 crgo
1975 779 2048 836 ιιοιι

1261 872 1380 934 tempore
1400 877 1510 936 apparet
1531 866 1615 922 Adam
1639 865 1786 922 custodisse
1809 866 1978 932 mandatum
2001 875 2048 924 seo

1259 954 1338 1008 etiam
1350 955 1432 1011 Evam
1444 971 1535 1011 curam
1550 957 1698 1012 deuotionis
1711 957 1845 1023 habuisse,
1859 973 1918 1027 qua
1929 958 2048 1014 scicntia

1258 1054 1285 1098 et
1294 1044 1439 1102 divinitatis
1449 1063 1539 1102 amore
1551 1048 1667 1118 collapsa
1678 1059 1727 1103 est.
1740 1049 1794 1104 Cur
1803 1064 1866 1118 crgo
1879 1049 2046 1119 illaiustitis,

1259 1135 1302 1189 illa
1315 1136 1435 1202 devotio,
1449 1155 1508 1208 qus
1523 1140 1549 1193 in
1563 1139 1646 1194 ddum
1662 1139 1723 1204 diu,
1737 1141 1763 1194 iu
1778 1141 1831 1194 Eva
1844 1139 1995 1210 aliquandiu
2008 1141 2048 1193 vi·
2152 1204 2157 1212 ,

1257 1229 1330 1298 guit,
1346 1243 1399 1282 non
1414 1230 1509 1299 eripuit
1523 1230 1691 1299 delinquendi
1706 1229 1922 1300 possibilitatem,
1941 1229 2047 1286 utboni

1257 1318 1401 1372 necessitas
1415 1318 1630 1388 impenetrabiles
1644 1333 1691 1374 eos
1705 1319 1819 1375 suadelis
1837 1319 1959 1375 sontibus
1971 1320 2048 1375 exiri·

1257 1407 1352 1463 bereti
1371 1409 1489 1464 Fnemnt
1506 1425 1571 1481 ergo
1587 1409 1866 1481 quamdiuvolaerunt
1879 1409 2046 1476 obedientes,

1257 1514 1308 1556 nec
1321 1510 1409 1556 tamen
1424 1501 1596 1572 perdiderunt
1614 1504 1709 1557 merito
1728 1501 1881 1558 devotionis·
1895 1501 2046 1557 iacultatent

1256 1592 1446 1660 praevaricandi
1462 1593 1597 1664 :denique
1610 1595 1676 1663 lapsi
1691 1603 1753 1648 sunt
1768 1593 1842 1665 (Gen.
1856 1609 1874 1648 ιι
1887 1591 1961 1665 etun)
1976 1611 1982 1647 :
1999 1592 2047 1664 igi·

1256 1687 1300 1735 tur
1313 1692 1339 1737 et
1352 1692 1525 1753 posteaquam
1541 1692 1730 1753 peceaverunt,
1751 1684 1920 1739 manifestum
1935 1695 1976 1739 est
1997 1699 2045 1738 ne-

1255 1785 1387 1841 quaquam
1401 1787 1448 1827 eos
1465 1773 1584 1843 potuisse
1603 1773 1655 1828 vim
1674 1774 1847 1829 correctionis
1864 1774 1996 1828 amittere.
2013 1772 2046 1828 Et

1255 1860 1316 1917 ideo
1329 1870 1358 1916 ut
1370 1863 1396 1916 in
1409 1863 1532 1918 omnibus
1544 1863 1620 1930 locis,
1633 1863 1675 1918 bic
1686 1878 1791 1934 quoque
1803 1873 1886 1918 totum
1898 1863 1968 1934 quod
1980 1877 2046 1917 arn·

1255 1952 1369 2008 duxeras
1391 1954 1528 2025 perdidisti
1545 1955 1628 2024 :quia
1650 1963 1790 2024 peccatum
1809 1955 1873 2008 illud
1896 1956 2046 2024 primorum

1255 2042 1391 2100 bominum
1413 2060 1463 2100 nec
1484 2045 1596 2100 allorum
1612 2044 1676 2100 iecit
1689 2045 1829 2101 criminum
1846 2045 2046 2107 necessitatem,

1255 2150 1303 2190 nec
1318 2137 1422 2190 transiit
1436 2137 1464 2191 io
1476 2145 1613 2202 naturatu;
1628 2136 1695 2190 sicut
1707 2137 1806 2204 justitia
1822 2151 1881 2204 quae
1896 2134 2049 2204 precessit,

1253 2241 1304 2282 nec
1317 2227 1442 2281 virtutum
1455 2228 1543 2283 intulit
1557 2227 1755 2291 necessitatem,
1771 2240 1819 2280 nee
1831 2225 1882 2279 sint
1896 2223 2045 2280 rias-serni·

1253 2334 1315 2372 nam
1328 2318 1480 2374 vindicarit.

1288 2411 1356 2465 dno.
1371 2409 1466 2464 Totum
1486 2410 1555 2479 qood
1575 2409 1675 2465 minida
1693 2419 1719 2465 et
1737 2418 1809 2463 tanta
1824 2409 1965 2463 rerb'orum
1980 2422 2044 2477 per·

1253 2497 1378 2567 plexitate
1391 2499 1491 2564 dixisti,
1505 2500 1622 2554 breuiter
1635 2500 1674 2554 sic
1687 2508 1775 2568 potest
1788 2499 1853 2566 dici.
1863 2498 1927 2564 Cirr,
1943 2499 2043 2567 inquis,

1252 2587 1336 2643 Adam
1347 2589 1416 2644 male
1426 2588 1528 2659 agendo
1538 2588 1652 2658 perdidit
1662 2603 1741 2659 posse
1756 2587 1824 2643 bene
1836 2602 1925 2658 agere,
1935 2596 1962 2642 et
1972 2587 2046 2643 bene

1253 2681 1326 2750 prius
1337 2681 1440 2752 agendo
1453 2697 1507 2736 nou
1522 2680 1636 2750 perdidit
1657 2695 1736 2750 posse
1754 2681 1884 2750 peccare?
1897 2680 1931 2734 Et
1944 2680 1985 2735 vis
1998 2680 2041 2734 in·

1252 2772 1331 2843 telligi
1342 2814 1350 2840 ,
1363 2774 1385 2828 si
1399 2773 1434 2828 ita
1447 2781 1503 2840 est,
1518 2773 1651 2827 bontirrem
1666 2788 1720 2827 non
1735 2773 1828 2839 bone,
1843 2771 1891 2827 sed
1909 2771 1986 2827 malac
2000 2771 2041 2826 la

1250 2871 1322 2916 ctum
1337 2861 1418 2918 luisse
1430 2873 1549 2927 naturae,
1563 2862 1589 2917 in
1602 2876 1655 2932 quo
1667 2861 1727 2931 plus
1738 2860 1820 2915 valuit
1833 2860 1903 2916 actio
1914 2860 1993 2924 ntala,
2006 2875 2047 2916 ue

1250 2963 1341 3023 posset
1355 2969 1434 3025 agere
1446 2955 1526 3022 bene,
1540 2968 1620 3024 qoam
1633 2953 1703 3020 actio
1716 2953 1799 3015 bona,
1813 2967 1847 3007 ne
1860 2960 1951 3023 posset
1961 2965 2042 3024 agere

1251 3043 1331 3097 male.
1343 3042 1439 3099 Posses
1454 3044 1505 3098 isto
1517 3043 1597 3098 modo
1609 3042 1714 3108 dicere,
1729 3042 1800 3099 male
1812 3041 1894 3097 luisse
1905 3042 2043 3099 bominem

1250 3147 1311 3187 eum
1324 3131 1408 3186 oculis
1421 3139 1539 3187 creatum
1550 3171 1557 3197 ,
1569 3133 1630 3202 quia
1644 3147 1704 3187 cum
1718 3146 1766 3189 eos
1779 3131 1951 3196 exstinxerit,
1972 3130 2001 3184 ut
2012 3130 2045 3186 in

1250 3222 1296 3277 ιΙΙο
1310 3231 1405 3278 utnon
1420 3224 1504 3294 possit
1519 3223 1626 3287 riders3
1639 3221 1753 3278 videndo
1774 3233 1863 3278 autent
1879 3237 1934 3276 nou
1953 3223 1979 3276 in
1994 3221 2047 3276 illo

1250 3312 1348 3369 iactum
1362 3324 1405 3370 est
1417 3324 1446 3369 ut
1458 3329 1506 3370 eos
1526 3329 1579 3369 nou
1597 3324 1688 3384 posset
1706 3312 1893 3382 exstinguere:
1908 3323 1953 3368 aut
1971 3313 2047 3368 male

1250 3402 1331 3460 inisse
1344 3412 1427 3459 totum
1441 3418 1538 3475 corpus
1551 3403 1667 3458 bominis
1678 3402 1831 3467 eonditum,
1847 3404 1906 3473 quia
1922 3404 1953 3457 in
1964 3411 2042 3472 pote-

1250 3501 1319 3549 state
1331 3492 1411 3547 habet
1423 3502 1453 3547 ιιι
1465 3493 1522 3562 ipse
1534 3507 1564 3548 se
1577 3501 1662 3557 necet,
1676 3507 1726 3547 nec
1738 3492 1817 3547 babet
1829 3494 1855 3546 in
1870 3501 1999 3562 potestate
2013 3502 2048 3547 ut·

1250 3595 1281 3637 se
1293 3583 1350 3652 ipse
1362 3581 1520 3649 resuscitet;
1534 3591 1562 3638 et
1574 3583 1623 3637 lit·
1637 3584 1665 3637 in
1677 3596 1711 3637 eo
1723 3597 1771 3651 per
1781 3594 1893 3638 mortem
1904 3592 1933 3637 ut
1945 3597 1975 3640 se
1986 3599 2047 3637 non

1251 3676 1336 3745 possit
1346 3676 1488 3740 viviircare,
1501 3689 1551 3730 nec
1564 3678 1593 3729 ttt
1606 3675 1632 3729 in
1645 3689 1679 3729 eo
1692 3689 1739 3744 per
1749 3674 1828 3730 vitam
1838 3683 1865 3730 ut
1876 3689 1906 3730 sc
1916 3690 1968 3729 non
1979 3689 2042 3745 pos·

1251 3765 1286 3821 sit
1297 3765 1427 3821 occidere.
1443 3765 1520 3834 Qarod
1533 3765 1555 3819 si
1569 3779 1622 3821 nou
1634 3765 1711 3829 dicis,
1726 3766 1849 3836 quoniam
1862 3766 1949 3825 cernis
1961 3781 2048 3836 qnam.

1251 3858 1287 3915 sit
1299 3858 1445 3923 insulsom;
1459 3873 1507 3913 cnr
1520 3855 1616 3913 malam
1630 3856 1696 3913 dieis
1710 3857 1793 3913 [ιοιιοι
1807 3872 1913 3914 creasse
1927 3858 2045 3913 bominis
2128 3860 2135 3873 '

1252 3960 1383 4016 naturam,
1397 3951 1419 4005 si
1432 3948 1496 4005 lecit
1507 3950 1533 4004 in
1546 3964 1579 4006 eo
1590 3949 1659 4004 mala
1672 3949 1794 4004 uolontas
1806 3964 1840 4004 ne
1851 3949 1939 4004 redire
1951 3957 2043 4019 posset

1251 4039 1285 4096 ad
1303 4041 1421 4105 benum,
1436 4041 1558 4110 quamvis
1571 4040 1597 4094 in
1610 4053 1643 4093 eo
1655 4054 1709 4094 non
1725 4039 1816 4094 lecerit
1833 4042 1955 4096 voluutas
1971 4039 2047 4094 bona·

1252 4140 1281 4187 ut
1293 4131 1332 4186 ire
1345 4146 1397 4185 non
1413 4138 1505 4200 posset
1518 4131 1543 4185 in
1558 4130 1676 4185 malum?
1688 4129 1753 4185 Gom
1767 4130 1853 4186 libero
1866 4132 1937 4186 enim
1951 4131 1990 4185 sie
2000 4141 2046 4185 est

1251 4231 1357 4277 creatus
1368 4220 1488 4286 arbitrio,
1501 4228 1530 4274 ot
1542 4228 1632 4290 posset
1642 4235 1694 4273 uon
1706 4235 1828 4289 peccare,
1840 4219 1866 4274 si
1875 4220 1974 4284 nollet;
1987 4235 2041 4273 ιιοιι

1252 4318 1282 4367 ut
1293 4312 1316 4366 si
1330 4311 1426 4377 uellet,
1442 4310 1549 4380 impune
1563 4304 1696 4380 peccaret.
1716 4308 1784 4374 Quid
1803 4323 1867 4378 ergo
1888 4308 1999 4372 mimm,
2018 4309 2042 4362 si

1251 4401 1439 4474 delinquendo,
1451 4400 1503 4456 ltoc
1513 4408 1563 4465 est,
1574 4399 1760 4455 rectitudinem
1772 4414 1846 4454 suant
1857 4401 1883 4454 in
1895 4415 1946 4471 qua
1958 4398 2043 4455 iactus

1251 4503 1309 4552 erat
1322 4493 1510 4566 depravatione
1522 4491 1533 4525 ⁸
1548 4493 1686 4561 mutando,
1699 4507 1760 4549 cum
1779 4492 1907 4563 supplicio
1920 4501 2040 4547 secatum

1252 4595 1294 4642 est
1311 4602 1364 4640 non
1378 4599 1457 4656 posse
1470 4594 1542 4640 recta
1557 4586 1655 4656 agere?
1669 4585 1798 4653 Quamdiu
1818 4598 1882 4639 vero
1902 4584 1928 4638 in
1948 4583 2041 4638 eadem

1252 4675 1411 4732 rectitudine
1424 4675 1513 4740 stetit,
1529 4675 1555 4730 in
1574 4690 1626 4746 qua
1646 4683 1749 4745 poterat
1767 4688 1821 4729 non
1841 4687 1967 4744 peccare,
1983 4672 2044 4727 ideo

1252 4783 1304 4824 non
1326 4767 1428 4836 aceepit
1449 4767 1535 4836 majus
1555 4765 1669 4836 aliquid,
1684 4765 1736 4820 lroc
1750 4773 1806 4832 est,
1820 4778 1873 4818 non
1889 4777 1966 4831 posse
1979 4776 2043 4832 pec·

1252 4872 1325 4924 care,
1341 4858 1402 4929 quia
1415 4859 1442 4912 in
1455 4855 1571 4926 eoquod
1585 4855 1686 4921 babuit,
1702 4868 1756 4908 nou
1770 4869 1853 4924 osque
1865 4852 1899 4907 ad
1911 4854 1989 4906 linem
2002 4867 2045 4906 re·

1252 4948 1445 5005 munerationis
1456 4947 1539 5002 voluit
1553 4959 1718 5015 permanere.
1734 4943 1810 5012 Quod
1824 4943 1895 4998 euim
1910 4942 2046 5012 accepturi

1252 5049 1312 5097 suut
1324 5039 1418 5103 sancti,
1430 5042 1475 5108 qni
1488 5038 1514 5091 in
1524 5037 1613 5090 tuturo
1623 5034 1722 5091 seculo
1734 5035 1759 5089 iu
1770 5032 1972 5104 corporelutnri
1984 5041 2046 5086 snut

1252 5131 1403 5202 spirituali,
1418 5130 1478 5185 siue
1497 5130 1649 5184 interventu
1668 5127 1762 5182 mortis
1782 5125 1868 5182 luerat
1887 5134 2046 5195 accepturus

1253 5221 1356 5287 Adam,
1369 5229 1399 5275 ut
1412 5219 1559 5275 ascendens
1572 5219 1606 5273 ab
1617 5232 1651 5273 eo
1662 5217 1732 5288 qnod
1748 5224 1838 5286 posset
1850 5231 1902 5271 non
1919 5217 1996 5282 rnori,
2011 5215 2046 5269 ad

1253 5310 1446 5381 idperreniret
1461 5308 1505 5363 nbi
1524 5322 1577 5363 non
1597 5317 1687 5377 posset
1706 5306 1790 5373 mari;
1805 5314 1833 5361 st
1845 5305 1993 5360 ascendens
2011 5308 2048 5359 ab

1253 5401 1368 5473 eoquod
1381 5416 1434 5456 uon
1448 5414 1558 5470 peecare
1568 5407 1669 5469 posset,
1683 5398 1716 5453 ad
1730 5398 1755 5453 id
1767 5397 1918 5468 perveniret
1929 5397 1972 5451 obi
1984 5411 2046 5466 pec·

1252 5508 1315 5549 care
1327 5508 1380 5547 nou
1394 5499 1493 5562 posset.
1505 5489 1562 5548 Nou
1574 5490 1675 5559 quippe
1684 5487 1710 5542 in
1722 5501 1836 5557 corpore
1846 5487 1986 5557 spirituali,
1997 5488 2046 5540 sed

1252 5585 1279 5639 in
1292 5583 1399 5638 animali
1412 5583 1496 5636 lactus
1508 5589 1576 5645 erat,
1587 5580 1707 5650 quaruris
1717 5579 1768 5634 nisi
1780 5589 1924 5649 peccasset,
1936 5579 2046 5633 minime

1253 5676 1392 5730 morituro.
1406 5672 1485 5741 Quia,
1498 5673 1566 5727 sicut
1578 5672 1640 5726 dicit
1654 5671 1806 5742 Apostolus,
1821 5671 1883 5726 Non
1895 5672 1966 5742 priua
1977 5671 2045 5738 qaod

1252 5767 1384 5837 spirituale
1407 5775 1463 5833 eat,
1486 5765 1530 5819 teti
1552 5764 1619 5834 quod
1640 5765 1767 5828 unimaie,·
1789 5774 1892 5835 postea,
1914 5761 2045 5833 spirituale

1285 5923 1293 5953 ¹
1312 5927 1389 5975 torte,
1401 5929 1462 5980 qtroe.
1517 5917 1519 5921 ’

1285 5985 1294 6014 ¹
1311 5983 1453 6042 tignicrrus,
1463 5978 1501 6028 sit.
1514 5984 1578 6049 tiss,
1588 5975 1625 6050 fit.

1285 6046 1295 6076 ²
1311 6045 1379 6100 ιἰιιιι,
1391 6042 1422 6091 dc
1440 6048 1643 6102 procerestatua.
1657 6040 1814 6088 umodartnr
1825 6043 1927 6085 extus-
