4900 6892
338 769 385 824 sbi
400 782 454 822 uon
468 761 538 835 qnod
554 755 760 830 volebttagebat
770 753 881 817 bonurn,
894 747 942 805 sed
953 745 1052 801 malum
1063 742 1134 814 quod

339 856 436 917 sderad
447 854 572 910 faciebat.
589 850 687 905 ilerum
702 847 862 902 docrrmentu
875 837 1040 894 evidentiore
1052 833 1137 888 vinci·

339 952 420 1016 ιιιιιιι,
436 958 489 1003 tam
508 944 609 1016 grande
623 948 759 1010 peecatum
774 933 838 989 illud
857 931 939 986 luisse
954 927 1032 999 primi
1050 924 1138 981 bomi-

340 1043 403 1106 ttis,
431 1048 461 1093 ut
481 1036 554 1090 outui
587 1031 710 1087 violentia
738 1021 938 1083 consuetudinis
958 1025 1031 1074 esset
1054 1014 1140 1084 rnajtrs

337 1141 371 1188 et
393 1129 479 1202 peius,
501 1138 562 1181 curn
584 1122 660 1178 robis
690 1117 861 1190 proferuntur
888 1111 956 1166 mala
980 1119 1140 1180 prterorum,

337 1238 406 1296 qtstc
432 1222 522 1290 utique
543 1218 569 1272 in
587 1213 710 1286 paradiso
731 1210 816 1264 lutura
839 1221 891 1260 non
920 1203 1041 1264 luissent,
1065 1198 1088 1253 si
1114 1204 1142 1251 ιι

340 1314 410 1372 lavde
423 1328 475 1368 raon
497 1311 648 1382 pelleretur,
675 1305 702 1359 in
726 1318 757 1357 ea
781 1296 947 1356 rectitudinis
967 1289 1143 1352 felicitatem

340 1422 401 1478 qtra
424 1407 491 1460 lacta
518 1414 560 1458 ιιι
588 1408 680 1453 natura
708 1394 834 1457 bumana,
858 1387 1010 1444 mansisset.
1033 1382 1098 1437 liam
1117 1389 1146 1435 ut

341 1498 413 1553 talia
426 1507 561 1552 taceamus
575 1533 583 1558 ,
602 1504 663 1560 qum
677 1485 777 1554 aliquot
794 1480 861 1536 locis
878 1479 933 1549 jam
960 1475 1093 1536 diximus,
1120 1480 1148 1526 ct

341 1598 375 1643 ut
408 1602 461 1642 nou
496 1583 581 1639 solum
608 1579 760 1640 indoctam,
783 1586 876 1627 rerum
899 1568 980 1624 etiam
1006 1563 1147 1619 indocilem

334 1686 545 1751 ,praeureamus
571 1670 707 1726 infamiam
734 1683 740 1720 :
766 1678 854 1720 nonrre
873 1656 968 1730 aliquis
991 1670 1057 1726 puer
1079 1653 1150 1708 acei-

346 1770 431 1842 plens
454 1781 470 1821 a
495 1763 622 1834 magistro
640 1757 711 1831 quod
740 1753 867 1811 memoria
890 1751 1035 1812 retineret,
1057 1744 1150 1800 sotem

349 1868 448 1915 ιιιιιιι
460 1869 509 1912 avec
521 1854 623 1909 valetis,
639 1851 661 1905 si
674 1855 768 1920 posset
778 1845 878 1907 dicere,
887 1839 1026 1897 verissime
1038 1835 1149 1900 diceret,

352 1947 441 2003 tideo
455 1945 533 1999 aliarn
546 1942 631 2012 legem
648 1939 675 1992 in
690 1936 778 1990 anima
796 1947 873 1999 mea,
886 1935 1079 2000 ,repugnantem
1100 1922 1152 1993 legi

351 2035 502 2093 soluntatis
520 2047 597 2097 mee,
617 2038 645 2085 et
663 2026 840 2096 captivantem
853 2035 897 2076 me
913 2019 963 2074 stab
984 2018 1041 2088 lege
1055 2014 1152 2070 ferula·

354 2144 427 2196 rum,
442 2143 502 2198 quaa
524 2125 644 2180 imminet
657 2117 784 2175 menbris
799 2113 885 2170 meisi
898 2112 979 2167 lliser
992 2123 1042 2178 ego
1061 2108 1151 2171 lromo,

354 2217 419 2290 quis
433 2230 476 2272 me
498 2213 619 2271 liberabit
636 2210 669 2265 de
687 2220 800 2277 etvrpore
821 2203 916 2258 mortis
934 2198 1032 2269 bavius?
1050 2194 1154 2266 Corpus

356 2309 431 2366 ιιιιιι
445 2303 616 2376 renuptibile
629 2307 752 2372 aggravat
765 2296 891 2357 animam,
907 2300 936 2347 ιι
950 2289 1019 2361 quod
1030 2289 1088 2343 vult
1099 2300 1155 2342 me·

359 2398 445 2454 moria
460 2406 562 2468 ιιιιιιι,
577 2407 631 2448 sorr
644 2390 737 2461 possit.
759 2388 792 2442 Et
805 2385 839 2440 de
853 2384 905 2439 boe
916 2377 1081 2450 corruptibili
1094 2390 1155 2432 cor-

360 2502 426 2558 pore
439 2488 500 2557 quis
511 2485 616 2549 liberat,
630 2480 683 2536 nisi
699 2478 785 2550 gratis
799 2475 846 2531 liei
859 2487 908 2544 per
918 2471 1009 2528 lesum
1020 2466 1157 2523 Christum

360 2578 504 2639 domitium
526 2572 669 2630 nostrum?
681 2570 738 2624 sive
756 2582 817 2623 eum
839 2565 892 2621 boe
904 2571 993 2630 eruta,
1019 2559 1158 2629 redempta

358 2668 464 2726 Christi
477 2665 606 2736 sanguine
621 2662 708 2717 areima
722 2657 876 2730 requiescit,
889 2654 946 2711 sire
956 2667 1016 2708 cnm
1028 2649 1173 2720 nonupli·—

361 2761 417 2817 bde
432 2759 483 2814 boc
496 2756 587 2813 induet
597 2751 822 2822 incorruptionem
834 2749 855 2818 tl
866 2747 925 2802 Gor.
936 2759 983 2810 ar,
996 2742 1056 2814 bb),
1065 2748 1161 2812 etpost

362 2863 500 2909 erumnas
511 2847 632 2917 eorporis
646 2844 744 2900 monui
764 2849 874 2912 propter
894 2845 1032 2909 peecatum
1045 2834 1160 2890 vivifiea·

364 2941 465 2998 buntur
480 2946 508 2994 et
516 2950 632 3006 corpora
647 2931 769 2989 mortalia
784 2938 876 2986 nostra
900 2942 949 3000 per
969 2926 1160 2983 inhabitantem

363 3030 464 3088 cbristt
477 3027 605 3098 Spiritum
617 3023 643 3078 in
656 3021 747 3078 nobis.
768 3019 869 3075 Contra
888 3018 965 3087 cuius
984 3016 1107 3087 gratiam,
1129 3013 1161 3069 li·

364 3122 438 3179 bera
449 3117 592 3175 voluntatis
606 3111 746 3168 arbitrium
766 3111 785 3176 ¹,
807 3108 908 3179 peccati
923 3107 1049 3162 ancillam
1064 3104 1161 3160 volan·

366 3220 449 3267 tatem
462 3204 614 3264 defenditis.
628 3202 684 3259 llos
694 3210 782 3256 autem
791 3214 806 3253 a
815 3195 962 3254 lfanicbaeo
970 3197 1047 3267 longe
1058 3207 1160 3262 sumus,

365 3302 413 3373 qai
426 3310 527 3355 naturas
541 3298 618 3353 bone
630 3296 686 3351 sive
701 3294 727 3348 in
740 3291 895 3364 grandibus,
910 3290 967 3346 sire
985 3290 1012 3345 in
1034 3286 1162 3360 parvulis,

364 3403 397 3451 et
409 3392 501 3448 sitium
513 3388 672 3445 confitemur
685 3393 713 3442 et
724 3383 868 3440 medicum.

404 3482 475 3539 xli.
492 3479 552 3537 ιιι.
576 3478 622 3535 Sic
641 3475 773 3548 disptttavi
795 3473 936 3537 bacmnus,
948 3479 977 3526 ut
989 3484 1047 3525 mos
1066 3478 1164 3524 nostra

367 3573 432 3631 fidei
446 3569 616 3643 postulabat:
632 3580 726 3622 verum
738 3579 790 3620 non
804 3562 854 3618 bae
867 3562 953 3617 solum
967 3568 1040 3631 parte
1053 3566 1165 3613 eonten-

367 3675 424 3730 tus,
438 3679 514 3735 agant
527 3673 613 3718 tecum
628 3659 754 3728 benigue,
770 3664 797 3710 et
813 3653 936 3710 consulto
950 3666 1008 3706 eam
1021 3647 1086 3706 mibi
1105 3664 1167 3720 per-

367 3772 464 3815 sonam
483 3755 601 3819 induam,
617 3765 676 3822 qtae
690 3747 862 3818 praeceptoris
876 3745 913 3800 tui
925 3743 1063 3798 servtentiae
1077 3740 1166 3794 lavere

368 3848 504 3904 videratur.
524 3844 681 3900 limantem
696 3854 727 3894 ea
746 3837 830 3909 gratia
855 3834 911 3900 liet,
936 3841 966 3888 ιι
990 3840 1018 3886 ιι
1040 3831 1066 3885 ln
1083 3828 1166 3885 llant-

367 3939 487 4003 elaaum,
501 3936 524 3990 si
538 3934 572 3989 ab
586 3947 619 3988 eo
631 3928 756 3996 dissides,
773 3938 927 3996 oppugnare
939 3921 1054 3993 cogaris.
1067 3920 1165 3975 Asser-

370 4028 438 4085 tioni
451 4027 550 4098 quippe
562 4032 660 4079 nostre
674 4018 740 4076 nibil
755 4017 860 4071 astutiae
880 4015 968 4069 inesse
980 4013 1031 4068 boc
1049 4012 1108 4081 ipso
1119 4010 1168 4065 do·

370 4118 487 4182 eebitur,
501 4130 562 4171 cum
575 4112 759 4169 'fradueiauus
770 4122 823 4162 nou
835 4104 945 4167 inuenit,
957 4117 1010 4173 quo
1020 4100 1167 4158 llanicbaeo

369 4208 459 4283 possit
478 4207 620 4262 obsistere.
643 4202 732 4271 ltaque
753 4196 893 4268 apparebit
914 4203 1012 4263 quanta
1036 4193 1169 4248 intervos

373 4301 524 4372 coniuratio
545 4298 590 4360 sit,
610 4309 689 4366 quarn
703 4289 852 4362 procuretis
876 4286 974 4341 mutuis
988 4292 1081 4339 cuncta
1095 4298 1170 4338 com·

373 4391 490 4463 peodiis,
505 4386 612 4459 quando
626 4387 696 4439 inter
708 4379 878 4450 vosjurgium
890 4374 1001 4432 oscitari
1012 4389 1065 4428 non
1075 4381 1169 4443 potue·

373 4483 421 4539 rit.
436 4460 494 4548 oui
516 4479 595 4550 igitur
611 4476 637 4531 id
651 4489 693 4529 ane
707 4469 821 4528 covasilio
833 4466 978 4537 arripuisse
995 4463 1167 4529 ostenderim,

374 4573 467 4631 salmo
481 4569 588 4626 lectoris
600 4565 697 4621 insidat
711 4581 718 4616 ι
734 4560 871 4630 nunciam
891 4571 1021 4628 persone,
1035 4570 1114 4626 quam
1127 4568 1170 4609 as-

374 4664 518 4730 sumimus,
531 4660 652 4717 oratione
665 4656 815 4725 fungamur.
833 4651 932 4707 Errant
944 4648 1053 4704 omnino
1064 4648 1109 4718 qui
1123 4662 1170 4717 pu-

375 4766 435 4813 tant
446 4756 515 4810 banc
527 4750 725 4808 concretionem
737 4743 857 4814 corporis
870 4741 986 4796 babilcni
996 4742 1006 4771 ¹
1017 4753 1077 4794 esse
1088 4737 1170 4808 justi·

376 4849 421 4904 tim
437 4865 445 4901 ι
459 4844 583 4899 omnibus
596 4841 673 4897 bouis
685 4837 781 4893 studiis
791 4842 920 4903 repugnat
931 4831 992 4885 uilis
1005 4838 1098 4884 nattrra
1109 4842 1170 4883 car·

376 4940 457 4995 uiset
467 4934 614 5006 sanguinis.
629 4927 763 4999 Quidquid
776 4927 1002 4981 irritamentorum
1016 4928 1057 4975 cst
1073 4919 1172 4974 lenoci-

376 5029 424 5086 taio
446 5039 591 5086 sensuum,
617 5020 650 5076 ad
675 5017 911 5090 perturbationem,
934 5013 988 5067 imo
1006 5006 1171 5067 erorsionem

377 5121 477 5178 mentis
492 5118 616 5179 elabitur,
634 5129 694 5185 quas
707 5112 734 5167 in
750 5112 801 5165 ltuc
814 5123 920 5165 coenum
935 5106 1027 5163 nescio
1039 5119 1090 5176 qua
1102 5102 1171 5160 infe·

378 5210 479 5265 licitate
497 5206 612 5275 tlejeua,
632 5215 777 5274 generosos
798 5199 911 5253 micatus
930 5196 1004 5251 luteo
1025 5194 1110 5265 perdit
1125 5192 1174 5248 ad·

378 5306 478 5358 nttxtu.
491 5298 550 5369 ipsa
564 5303 691 5367 quantum
704 5292 732 5346 in
744 5305 773 5346 se
785 5286 869 5345 estad
882 5287 968 5341 locum
981 5300 1070 5351 suurn,
1082 5284 1108 5339 id
1120 5291 1171 5349 est,

378 5392 413 5449 sd
428 5391 565 5461 superiora
579 5395 692 5444 conatur
710 5401 718 5438 ι
739 5381 787 5438 ιιι
810 5389 916 5435 terreno
935 5376 1079 5432 afflictatur
1097 5390 1174 5446 erga-

378 5483 460 5542 stulo.
474 5483 593 5551 Dareique
606 5493 668 5534 eum
682 5474 716 5531 sd
729 5471 882 5545 pudicitiam
894 5467 1008 5524 volucrit
1022 5466 1172 5533 subvolare,

378 5575 471 5648 ιιιιιιι
482 5581 510 5629 ιι
521 5572 623 5628 sisaim
636 5565 780 5638 voluptatis
789 5562 914 5618 obscene
925 5558 960 5615 de
970 5558 1084 5629 perusus
1093 5557 1174 5613 visce-

378 5666 457 5723 ribus
475 5663 620 5735 eaperitur.
640 5660 700 5716 lam
722 5657 746 5712 si
778 5653 962 5710 liberalitatem
988 5649 1174 5704 munificentia

377 5745 561 5824 minut,
574 5750 704 5813 avaritias,
716 5761 776 5818 qun
791 5742 907 5814 tegndm
920 5739 1077 5812 frugalitatis
1088 5737 1176 5809 operi·

379 5855 437 5911 tur,
456 5842 568 5899 masten
581 5837 737 5896 ιιιιιιιιιιιι
757 5834 767 5868 ⁸
786 5833 935 5905 colligatur.
952 5830 1095 5887 Enimvero
1112 5827 1174 5882 siin

413 5979 423 6013 ¹
441 5984 467 6028 tn
478 5976 562 6028 suus
573 5980 647 6033 eorl..
658 5969 768 6023 arbitrio.

413 6041 425 6073 ²
442 6036 553 6090 flabilem
562 6036 713 6103 restituimus
724 6045 755 6105 ιι
767 6037 821 6101 itas.

415 6101 426 6136 ⁸
440 6098 523 6153 ordea
532 6106 607 6159 tort..
617 6102 641 6148 et
651 6101 800 6148 metiamtur.

1033 625 1136 685 ttsstt
1153 622 1297 681 SEXTUS.

1913 617 1982 675 ibib

1191 741 1480 814 aqrnbilieonstantire
1499 738 1612 811 quadam
1630 737 1743 796 voluen't
1755 737 1898 796 serenitate
1918 752 1984 795 eon·

1193 837 1297 897 sistere,
1324 835 1445 890 obruitur
1465 835 1535 889 illico
1557 833 1687 904 grandine
1704 834 1817 899 timoris,
1838 842 1866 889 et
1883 833 1984 890 doloris

1194 928 1327 996 procellis,
1344 936 1424 997 atque
1435 927 1469 981 ad
1483 926 1570 982 ontnia
1585 941 1795 997 exsarrguesoeus
1811 927 1900 994 dubia,
1913 942 1985 982 cum·

1195 1032 1244 1088 pos
1256 1018 1297 1073 sui
1309 1019 1318 1050 ¹
1332 1034 1384 1073 ιιοιι
1398 1017 1493 1071 sinitur
1507 1032 1615 1073 manere
1626 1018 1739 1073 consilli.
1752 1017 1837 1088 luttge
1850 1019 1901 1073 itae
1912 1018 1983 1087 igno·

1196 1117 1313 1164 ratarum
1325 1125 1413 1164 rerum
1429 1119 1544 1176 noctem,
1559 1125 1610 1180 qua
1619 1110 1796 1164 circumdatur
1807 1109 1905 1166 illut-ie.
1919 1111 1987 1179 Quid

1197 1201 1385 1258 latudabilitatis
1404 1200 1482 1255 ineo
1502 1201 1697 1270 suspicabimur
1721 1202 1866 1266 animante,
1882 1201 1925 1270 qui
1941 1215 1988 1254 nee

1198 1293 1232 1348 ad
1246 1293 1349 1347 utilium
1368 1293 1526 1347 electionem
1538 1291 1629 1347 oculos
1643 1294 1762 1363 vigentes
1776 1293 1866 1357 babet,
1882 1301 1909 1348 et
1922 1293 1989 1348 iuter

1200 1395 1370 1455 tempestates
1382 1384 1555 1455 cupiditatum
1565 1394 1592 1441 et
1602 1384 1784 1441 discriminum
1798 1401 1844 1440 sna
1856 1385 1991 1456 naufragia

1200 1491 1343 1532 numerare
1356 1491 1410 1531 non
1423 1475 1541 1532 suffrciti
1551 1476 1606 1532 lice
1618 1487 1705 1532 tamen
1716 1476 1810 1547 aliquis
1828 1477 1884 1532 bae
1896 1489 1991 1548 sponte

1201 1566 1351 1637 depravatas
1370 1567 1524 1623 substantiae
1545 1568 1675 1624 accidisse
1690 1568 1832 1623 ntentiatnr
1845 1584 1852 1621 ι
1866 1569 1923 1638 ipsa
1937 1569 1991 1637 pri-

1202 1675 1306 1715 morum
1319 1659 1456 1716 bominum
1470 1661 1599 1716 institutio
1614 1661 1655 1716 liis
1670 1661 1795 1716 arumnis
1808 1660 1940 1715 invenitur
1949 1660 1992 1714 ob

1202 1750 1293 1806 notia.
1306 1748 1372 1805 liam
1386 1760 1416 1806 ut
1428 1752 1477 1807 boc
1490 1751 1570 1807 etiam
1582 1751 1675 1823 ttoyst,
1686 1768 1763 1822 quem
1771 1749 1898 1808 Catholici
1911 1768 1990 1808 vene·

1203 1849 1305 1909 rantur,
1321 1843 1472 1899 testimonio
1484 1844 1689 1915 comprobetur;
1703 1845 1908 1916 experiebantur
1917 1845 1993 1915 primi

1204 1930 1328 1988 bornines
1348 1933 1528 1987 carnificinam
1550 1933 1670 2000 tirnoris,
1694 1948 1761 2003 quos
1780 1933 1995 1999 intentatio,bisi

1204 2021 1368 2089 obedissent,
1382 2022 1491 2092 periculi
1505 2022 1652 2089 territabat,
1667 2031 1848 2093 quantumque
1860 2023 1894 2078 de
1906 2037 1997 2077 rerunt

1204 2113 1348 2169 collatione
1359 2113 1520 2169 metiendum
1531 2123 1582 2177 est,
1591 2113 1817 2170 lonnidolosiores
1828 2113 1939 2183 posteris
1951 2128 1999 2169 eos

1205 2205 1347 2274 opinamur
1361 2203 1453 2271 luisse,
1467 2218 1535 2274 qaros
1555 2218 1634 2274 pena
1656 2203 1770 2259 necdum
1787 2205 1910 2275 cuiquam
1924 2218 1999 2259 eom·

1206 2303 1281 2365 perta
1297 2294 1419 2350 vexabat.
1440 2293 1495 2348 ibn
1519 2296 1590 2349 enirn
1605 2295 1700 2350 mortis
1720 2294 1894 2349 intentatione
1907 2301 1999 2364 quate

1207 2392 1312 2447 rentur,
1324 2384 1370 2453 qui
1385 2383 1540 2438 nesciebant
1553 2383 1615 2454 quid
1637 2384 1799 2439 incommodi
1811 2382 1918 2438 afferret
1930 2384 1998 2438 iute-

1209 2474 1296 2531 struet
1319 2474 1536 2531 Sollicitalrantur
1561 2476 1686 2531 niutirum
1714 2476 1778 2531 solis
1806 2474 2002 2546 suspicionibus

1210 2568 1352 2623 malorum.
1368 2566 1396 2623 ln
1409 2582 1460 2639 qua
1473 2583 1537 2641 ergo
1552 2568 1596 2624 ille
1614 2569 1719 2624 animus
1741 2568 1931 2639 tranquillitate
1942 2583 2003 2624 cou-
2090 2598 2091 2601 =

1211 2656 1328 2725 sisteret,
1344 2673 1423 2730 quem
1440 2668 1493 2714 tam
1511 2674 1605 2730 aspera
1617 2658 1705 2716 biems
1719 2658 1868 2715 formidinis
1888 2675 2003 2715 cunero

1209 2749 1309 2806 rebat?
1327 2749 1411 2805 Porro
1432 2749 1578 2821 ignorantia
1604 2764 1683 2820 quam
1703 2748 1849 2820 profunda,
1871 2765 2004 2822 quamque

1212 2840 1329 2913 patiendi
1343 2841 1403 2911 ejus
1412 2840 1477 2897 dura
1491 2841 1617 2905 otvnditio,
1630 2850 1660 2897 ut
1670 2841 1777 2898 liberari
1789 2842 1824 2898 ab
1833 2857 1864 2898 ea
1873 2842 1923 2897 uisi
1937 2858 2004 2912 prae·

1212 2932 1374 2988 varicatione
1388 2948 1440 2987 non
1456 2942 1544 3004 posset
1560 2951 1566 2987 :
1581 2933 1720 2990 scientiam
1733 2934 1831 3005 quippe
1845 2932 1909 2990 boni
1929 2935 2005 2990 mali·

1211 3040 1282 3097 que,
1298 3024 1398 3096 absque
1411 3041 1479 3082 ausu
1491 3025 1684 3083 condemnabili
1699 3042 1866 3097 nequaquam
1886 3028 2004 3097 capessi·

1212 3122 1297 3172 turus.
1312 3116 1369 3173 lloc
1378 3117 1536 3174 ita'eoeeum
1549 3127 1577 3173 ct
1586 3133 1766 3174 aerunrnosum
1777 3118 1884 3185 animal,
1892 3119 2006 3189 inquies,

1213 3207 1295 3263 etiarn
1308 3208 1439 3278 cupiditas
1451 3208 1540 3264 innata
1561 3209 1697 3275 reddebat,
1715 3225 1793 3280 quarn
1806 3211 1844 3265 rei
1859 3210 2007 3265 interdicta

1214 3306 1376 3354 etvenustas
1391 3299 1512 3355 irritabat
1536 3308 1564 3355 ct
1583 3302 1709 3356 suavitas.
1734 3300 1810 3368 Quod
1831 3311 1914 3358 totum
1936 3303 2008 3357 velut

1215 3403 1309 3460 parum
1323 3398 1395 3444 esset
1406 3390 1439 3445 ad
1454 3390 1635 3446 infelicitatem
1647 3392 1718 3446 illius
1731 3392 1941 3461 exprimendam,
1957 3395 2008 3448 im-

1216 3479 1371 3550 pugnationi
1392 3489 1493 3535 naturae
1514 3481 1660 3550 superioris
1684 3484 1836 3550 exponitur.
1856 3483 1922 3552 Quis
1944 3500 2009 3556 ergo

1216 3567 1286 3644 adeo
1295 3568 1417 3639 desipiat,
1434 3579 1462 3625 ut
1474 3570 1509 3626 ibi
1523 3571 1665 3642 quidquam
1680 3573 1742 3628 boni
1764 3573 1844 3629 fttisse
1856 3575 2008 3640 arbitretur,

1218 3659 1263 3715 tabi
1285 3667 1324 3714 tot
1345 3658 1511 3716 miseriarum
1539 3658 1714 3717 instrumenta
1737 3662 1854 3718 instituta
1877 3663 2010 3720 fateaturl

1219 3749 1345 3806 Pessimae
1358 3750 1437 3821 igitur
1456 3753 1626 3819 conditionis,
1643 3754 1818 3827 passioneque
1832 3766 1934 3813 naturae
1947 3772 2010 3813 caro

1219 3841 1269 3899 ista
1280 3842 1306 3898 in
1321 3843 1378 3900 istis
1391 3843 1484 3915 primis
1498 3844 1650 3902 bominibus
1661 3862 1750 3915 strum,
1767 3849 1839 3919 quod
1854 3850 1888 3905 ab
1900 3850 2012 3906 exordio

1220 3935 1336 4004 tenebat,
1347 3935 1474 3992 exseruit
1486 3935 1559 3992 Hanc
1568 3946 1656 3994 autem
1668 3946 1720 3994 tarn
1731 3938 1828 3994 maban
1836 3939 2013 3996 substantiam

1220 4025 1290 4081 Deras
1299 4025 1385 4081 binus
1397 4041 1451 4081 non
1463 4027 1549 4096 potnit
1564 4025 1704 4084 fabricare.
1719 4028 1786 4098 erid
1801 4044 1865 4101 ergo
1877 4037 2010 4101 superest,

1220 4116 1271 4170 nisi
1285 4123 1313 4170 ut
1326 4114 1578 4172 fateamuralterum
1587 4120 1749 4174 esseanimae
1759 4119 2012 4186 datorem,alterum

1220 4205 1352 4260 ιιιιιοιιιι
1365 4205 1550 4262 cantitarent
1561 4206 1618 4262 Stat
1631 4217 1704 4264 certe
1723 4208 1870 4275 llanieltaei,
1881 4211 1957 4279 cuius
1971 4211 2012 4265 in·

1220 4293 1332 4351 dueram
1346 4309 1497 4364 personam,
1515 4296 1588 4351 acies
1608 4295 1739 4351 ordinata.
1755 4297 1823 4365 Quid
1844 4299 2013 4369 opperiamur

1221 4387 1358 4459 intelligis,
1372 4386 1496 4443 videlieet
1505 4396 1534 4442 ut
1545 4388 1589 4457 qni
1601 4387 1624 4443 ei
1639 4387 1767 4444 adversus
1778 4398 1830 4456 est,
1838 4392 2012 4460 consequenti

1221 4476 1421 4549 impugnatione
1442 4477 1468 4533 id
1488 4478 1661 4535 dernenstret.
1681 4479 1761 4550 igitur
1780 4489 1898 4536 vestrum
1916 4482 2012 4553 dogma

1221 4585 1282 4626 cum
1297 4586 1331 4626 eo
1342 4571 1467 4642 confligat
1482 4589 1488 4625 :
1504 4571 1641 4643 apparebit
1656 4581 1743 4626 utrum
1763 4573 1822 4629 sine
1835 4573 1952 4642 pernicie
1965 4588 2013 4628 sua

1221 4661 1265 4718 vel
1279 4661 1373 4718 leviter
1387 4662 1469 4731 possit
1484 4662 1594 4716 moveri.
1609 4662 1792 4717 Pronuutssavit
1805 4672 1888 4726 certe,
1903 4678 1955 4718 non
1971 4676 2015 4716 so-

1221 4753 1278 4810 lum
1293 4754 1365 4809 nasci
1378 4768 1472 4810 omnes
1489 4752 1523 4807 de
1535 4754 1723 4808 commixtione
1739 4767 1880 4822 corporum
1890 4752 2015 4806 crimino-

1223 4858 1278 4909 sos,
1292 4859 1383 4899 verum
1407 4844 1493 4914 ipsum
1515 4841 1599 4897 ddatn
1619 4842 1756 4911 culparum
1776 4842 1962 4898 necessitatem
1981 4841 2015 4898 ιι

1222 4935 1394 4991 concretione
1406 4934 1548 4998 viscerum,
1564 4941 1591 4988 et
1611 4931 1666 4986 limi
1681 4947 1713 4987 cs
1733 4946 1787 5003 quo
1807 4931 1892 4989 faetus
1904 4942 1945 4989 est
1957 4932 2016 4989 sor·

1223 5024 1302 5081 dibus
1314 5024 1443 5080 aauttsse.
1455 5022 1564 5087 Natura,
1576 5023 1669 5094 inquit,
1685 5023 1773 5078 cantis
1784 5023 1811 5077 in
1826 5023 1922 5094 primis
1933 5022 2017 5078 borni·

1223 5117 1304 5173 nibus
1319 5114 1369 5169 luit
1386 5114 1481 5179 noxia;
1496 5112 1581 5184 ipsam
1594 5112 1734 5168 scintillam
1751 5113 1832 5167 animi
1857 5112 1945 5168 studio
1965 5113 2017 5168 bo·

1224 5205 1337 5262 aestatis
1354 5203 1537 5260 sublucentem
1552 5202 1691 5269 conclusit,
1707 5201 1860 5266 madefecit,
1879 5203 2015 5257 exstinxit.
2042 5198 2047 5207 '

1225 5294 1359 5366 ineptiunt
1373 5307 1482 5364 prorsus
1501 5290 1697 5361 castrensique
1715 5291 1880 5362 percendum
1894 5291 2017 5347 testimo·

1225 5385 1278 5441 niis
1291 5383 1456 5448 obnituntur,
1477 5390 1505 5438 et
1525 5395 1575 5435 racc
1593 5379 1759 5434 documentis
1777 5379 1890 5450 propriis
1908 5381 2017 5451 acquic-

1225 5487 1314 5543 scuut,
1328 5476 1500 5546 videntesque
1513 5488 1566 5528 non
1580 5487 1610 5527 se
1622 5458 1722 5527 launum
1736 5470 1807 5542 qvod
1821 5472 1912 5528 solunt
1925 5486 2016 5543 agere,

1226 5568 1275 5625 sed
1292 5567 1391 5623 malum
1403 5566 1478 5637 quod
1499 5571 1672 5620 exsecrantur
1691 5562 1811 5632 operari,
1822 5570 1915 5633 putant
1927 5572 2016 5616 nmen

1226 5659 1255 5716 in
1266 5674 1347 5715 earne
1369 5673 1423 5715 non
1437 5673 1499 5715 esse
1516 5656 1579 5712 mali
1598 5656 1796 5712 ιιιιιιὶιιιιιι.
1815 5655 1863 5710 His
1881 5668 1945 5724 crgo
1964 5659 2019 5706 tarn

1226 5748 1358 5807 invidiose
1372 5748 1450 5804 dictis
1468 5746 1655 5818 congrediatur
1665 5744 1857 5810 antonianus,
1868 5741 1893 5798 sl
1903 5749 1993 5814 potest
2007 5755 2017 5796 s

1227 5857 1278 5916 ego
1290 5842 1396 5899 interim
1415 5846 1548 5910 spectatur
1568 5839 1676 5906 assisto,
1697 5846 1725 5895 et
1742 5835 1841 5892 exituro
1858 5834 1940 5889 uestri
1953 5846 2020 5890 cea·
2071 5890 2073 5893 ,

1261 5959 1269 5990 ¹
1287 5964 1312 6006 ta
1325 5953 1628 6028 wesmonasterii,
1641 5943 1924 6018 tegentium-past.

1228 6020 1315 6071 ιιιιιιι·
1323 6030 1355 6066 ιι
1364 6015 1446 6065 ιιιιιι
1456 6023 1518 6065 ιιιι.

1259 6081 1273 6112 ¹
1288 6078 1368 6130 codex
1378 6083 1450 6139 ron,
1462 6074 1550 6140 tuae.
1834 6080 1838 6089 '
