4900 6892
326 652 395 710 didi

326 777 383 821 tom
396 765 473 835 ciphi
486 779 513 819 re
527 763 611 834 finxit,
629 761 696 828 Quid
711 758 843 829 cacierini
862 757 919 812 sie?
936 758 1027 810 Aterion
1046 755 1119 809 hebet

326 866 477 929 patescentem
498 855 592 928 penius
614 855 671 922 inti,
690 869 722 908 es
743 852 831 908 eodem
845 857 927 905 atussa
946 854 1029 924 facee
1049 847 1120 902 otind

324 948 430 1019 quidem
444 964 487 1002 oar
497 947 525 1001 in
537 947 668 1017 honorem,
683 944 754 999 eiind
765 961 791 999 ur
807 942 1006 998 ooatomoiiomi
1019 940 1085 995 tide
1097 940 1120 993 si

325 1058 382 1096 tren
398 1047 529 1095 consonat
542 1037 724 1108 superioribus
738 1036 803 1102 suis,
826 1042 853 1090 et
873 1033 998 1089 dissentit
1017 1047 1032 1088 a
1048 1032 1118 1087 tuis:

324 1134 373 1205 qai
390 1141 468 1203 putes
481 1131 532 1187 hoe
553 1131 653 1186 dietum
668 1128 814 1186 secuudum
833 1127 927 1183 merita
942 1127 1118 1190 voluntatum,

323 1233 421 1280 eontra
432 1223 459 1278 id
471 1222 542 1293 quod
552 1221 610 1292 ipse
623 1221 670 1286 ait,
681 1218 744 1276 Cam
757 1220 822 1274 enirn
836 1218 948 1272 nondam
962 1218 1015 1271 noti
1027 1225 1119 1282 essent,

322 1330 372 1368 rter
384 1312 483 1383 aliquid
497 1313 604 1384 epissent
619 1310 678 1366 boni
689 1311 729 1365 aei
741 1310 814 1377 moii,
828 1309 1007 1363 intereundum
1020 1308 1121 1363 eiectio·

323 1420 384 1458 ruem
397 1404 554 1475 propositum
566 1400 615 1456 Dei
628 1409 749 1469 asennec,
768 1415 820 1455 non
834 1417 865 1455 er
879 1400 1005 1472 operibus,
1026 1399 1072 1454 sed
1089 1414 1121 1453 ee

324 1505 434 1550 rotome
444 1494 540 1549 dictam
552 1501 598 1558 est,
615 1492 682 1558 Qaio
695 1493 778 1558 mnior
788 1492 877 1546 serviet
892 1491 999 1556 nrinori,·
1016 1498 1043 1546 et
1057 1505 1122 1545 eon·

324 1594 367 1639 tro
380 1584 408 1639 id
420 1582 493 1654 quod
508 1584 565 1655 ipse
579 1582 625 1650 ait,
640 1581 725 1654 ipitur
736 1600 788 1637 aon
797 1583 912 1649 noientir,
927 1598 1006 1651 nepae
1017 1599 1121 1636 ennea-

325 1675 370 1742 tir,
383 1675 430 1730 sed
442 1675 581 1730 miserentis
596 1682 632 1728 est
648 1673 704 1729 Der.
721 1672 777 1729 Neo
788 1673 875 1728 seium
887 1682 979 1727 contra
991 1671 1050 1727 baec
1060 1688 1120 1742 quae

325 1774 534 1837 precesserunt,
557 1780 648 1820 rernm
672 1765 753 1820 etiarn
775 1774 867 1819 eontra
892 1764 935 1817 iila
949 1778 1008 1833 onae
1023 1763 1120 1818 subse·

326 1864 457 1924 quantur.
470 1855 539 1909 Vasa
551 1854 649 1926 qnippe
663 1856 710 1909 irae
724 1855 798 1919 dieit,
813 1869 872 1924 que
887 1863 949 1908 sunt
964 1852 1082 1923 perfeeto
1094 1854 1120 1907 in

326 1947 521 2018 perditionem
545 1947 617 2018 quod
633 1948 759 2017 injustum
773 1957 854 2016 esset,
878 1948 928 2002 nisi
947 1947 1073 2002 omnibus
1088 1963 1120 2002 ex

326 2052 383 2093 nno
405 2039 432 2092 iu
455 2035 705 2094 condennationem
733 2038 900 2094 uenientibus
917 2036 972 2107 jam
996 2037 1120 2092 dantnoto

326 2144 418 2186 masso
436 2139 506 2198 esset
516 2148 523 2183 :
535 2138 562 2185 et
574 2145 637 2186 rasa
651 2130 715 2186 dicit
729 2129 929 2194 misericordia,
943 2145 1002 2199 qna:
1019 2145 1121 2199 pruepe-

326 2219 398 2274 nrit
410 2219 435 2273 in
448 2219 575 2289 gloriam:
592 2219 625 2273 ad
640 2219 849 2275 misericordiam
860 2220 957 2290 quippe
966 2228 1119 2290 graiuttutn,

327 2323 380 2364 non
392 2308 519 2374 debitam,
532 2310 644 2380 pertinet
656 2309 689 2365 de
702 2325 790 2364 massa
804 2309 927 2365 damnate
942 2325 1004 2365 rasa
1021 2311 1046 2364 iu
1061 2311 1120 2381 gio-

326 2383 400 2456 runi
412 2415 575 2470 preparare;
589 2417 639 2455 noa
651 2402 733 2455 sotum
746 2417 777 2454 ee
789 2400 897 2465 tonos,
913 2400 1065 2467 sicutdicit;
1076 2401 1121 2455 sod

327 2491 401 2545 dem
414 2507 446 2544 es
458 2489 588 2556 Gentibus,
606 2491 797 2560 propterquod
810 2491 884 2559 ponit
897 2490 1077 2545 testimonium
1087 2491 1121 2546 de

328 2582 394 2638 Osee
402 2581 545 2652 propheto,
559 2581 652 2636 Voconi
660 2598 710 2635 nort
719 2580 814 2653 piebem
822 2598 912 2649 meorrr,
923 2582 1018 2651 piebem
1028 2596 1122 2646 merrae·

329 2682 355 2730 et
365 2673 400 2729 de
415 2673 495 2741 isaia,
509 2671 619 2744 Propter
633 2671 717 2728 Isrooi
730 2673 844 2742 reiiqnioe
856 2672 933 2727 soloen
945 2673 1016 2742 fient.
1032 2671 1067 2728 tu
1079 2688 1122 2728 au·

330 2775 379 2821 tero
392 2775 487 2821 essem
497 2765 555 2820 iste
566 2765 695 2836 reliqniae,
709 2765 792 2835 gratie
808 2765 854 2819 bei
869 2748 965 2818 iactum
979 2780 1038 2819 esse
1052 2767 1122 2819 testi·

330 2858 417 2912 nonio
424 2864 553 2926 sequente
563 2856 651 2924 docet,
666 2871 714 2926 per
723 2855 846 2912 eumdem
862 2855 1018 2925 propbetuut
1033 2856 1120 2910 dioen-

330 2955 392 3014 teu,
418 2945 476 3000 Nisi
498 2945 623 3001 Dotrrirtns
644 2945 748 3001 robooth
771 2944 911 3016 reliquisset
933 2944 1003 3000 nohis
1024 2962 1117 3000 senten.

332 3037 430 3093 Deinde
442 3037 558 3092 ostendit
570 3036 669 3094 Gentes
690 3053 723 3093 ex
744 3037 796 3092 iide
811 3037 1019 3107 apprehendisse
1037 3037 1119 3107 justi-

331 3131 409 3185 tiam:
423 3129 504 3185 lsrael
517 3139 606 3185 autera
621 3131 681 3185 ideo
694 3147 745 3186 non
758 3131 976 3201 apprehendisse,
988 3133 1049 3203 quin
1066 3149 1119 3186 non

331 3236 360 3277 ex
374 3221 435 3286 ide,
455 3221 502 3277 sed
516 3231 639 3293 eueniant
654 3224 836 3292 exoperibus.
851 3222 930 3279 Fides
942 3224 1013 3278 enirn
1027 3223 1117 3289 habet,

330 3314 397 3384 qued
408 3314 550 3385 aliqnando
560 3322 619 3385 post
633 3314 712 3370 dicit:
726 3314 852 3380 Quonioar
864 3317 944 3374 outonis
959 3316 1003 3387 ptri
1017 3318 1118 3371 innoco-

331 3406 389 3458 rerit
399 3422 490 3460 unomen
503 3404 617 3472 Domini,
631 3406 716 3461 reione
726 3407 781 3461 erit.
795 3407 835 3463 hd
846 3423 925 3478 quam
937 3407 1049 3463 salutern
1060 3423 1120 3477 per·

287 3529 292 3546 .
332 3494 405 3562 tinet,
418 3504 448 3551 ut
462 3511 542 3566 opera
566 3497 633 3551 bona
655 3506 682 3553 et
699 3497 803 3568 justitia
827 3496 904 3555 nobis
918 3512 950 3552 ou
966 3497 1022 3552 Deo
1035 3498 1118 3562 sint¹,

331 3600 380 3639 non
393 3602 426 3640 ιι
441 3586 527 3642 nobis.
545 3587 657 3657 Propter
668 3587 750 3658 qttod,
766 3586 799 3642 de
818 3589 928 3658 illisqui
944 3603 997 3642 non
1011 3604 1042 3642 etr
1057 3587 1117 3652 hdo,

330 3675 374 3730 ted
389 3685 514 3745 tanquam
528 3692 560 3731 en
574 3677 699 3747 operibus
717 3677 885 3733 offenderunt
899 3679 924 3732 in
941 3678 1056 3748 lapident
1080 3678 1121 3732 os-

331 3766 467 3833 ieasinnis,
483 3769 612 3838 seqnitur,
636 3776 664 3824 et
685 3768 751 3823 dieit
769 3787 775 3824 :
796 3752 912 3835 Fratres,
928 3770 991 3825 hono
1005 3770 1120 3828 roirtrrtnn

331 3859 427 3926 quidem
441 3859 525 3914 cordis
537 3860 595 3927 moi,
611 3868 635 3913 et
653 3860 795 3930 deprecatio
810 3861 844 3914 od
858 3861 940 3915 deant
961 3879 1007 3932 pro
1026 3863 1076 3916 totis
1094 3861 1119 3917 in

330 3949 434 4004 nterea
445 3966 455 4004 :
468 3950 635 4005 testinnonium
644 3951 711 4004 eninr
722 3949 838 4020 perhibeo
848 3950 899 4006 tttts
908 3953 968 4021 onio
980 3951 1062 4006 seiont
1073 3951 1120 4006 Dei

330 4041 428 4110 hebent,
444 4042 489 4097 sed
503 4060 553 4097 aon
565 4043 703 4097 secundnm
722 4043 860 4099 scientiane.
885 4041 1035 4114 iquoruutes
1054 4044 1120 4097 enirn

330 4132 640 4205 bernriedensem
653 4135 781 4207 justitium
801 4142 939 4204 pateream
960 4135 1118 4198 constituere,

329 4225 430 4295 iustitiae
444 4223 491 4281 oet
505 4242 555 4280 non
574 4235 632 4280 snrrt
651 4224 757 4296 subjecti
772 4224 859 4298 (horn.
872 4240 908 4292 ιιι,
924 4224 956 4289 6;
971 4241 1005 4289 x,
1020 4227 1047 4290 3,
1065 4225 1119 4294 te).

332 4314 406 4384 Quod
420 4316 530 4372 omniuo
543 4326 569 4372 et
582 4331 630 4372 ros
641 4316 727 4372 tacitis
737 4333 743 4370 ε
754 4316 884 4387 justitient
894 4317 991 4386 quippe
1004 4326 1120 4372 nestram

333 4407 590 4472 ruitiseonstituere,
600 4408 641 4463 cui
651 4408 722 4463 Deus
733 4407 878 4464 secundant
888 4407 982 4462 merito
993 4405 1122 4461 retribuat

331 4498 455 4567 gratinm3
471 4513 520 4553 nee
542 4499 621 4554 tultis
633 4499 743 4570 gt-atiaut
759 4499 806 4554 bet
822 4497 984 4568 precedere,
1001 4513 1060 4568 quat
1073 4511 1121 4553 ros

360 4628 456 4687 ¹tdtti,
472 4633 499 4678 nt
514 4640 588 4692 ιριιι
611 4628 672 4680 bono
691 4628 754 4689 sint,
774 4632 798 4680 et
813 4627 910 4692 justitio
929 4626 997 4680 robis
1016 4639 1049 4680 eo
1071 4637 1122 4680 oco

333 4695 370 4743 nt·
384 4691 534 4753 eustigontut·
551 4704 583 4741 ex
599 4690 648 4743 boe
664 4700 705 4741 ιιι.
720 4699 784 4743 Port.

983 637 1290 716 utnsusuennous

1900 642 1971 700 iii&

1175 754 1255 811 iaciat
1266 755 1514 827 baberejntstitiant.
1531 754 1631 812 boinde
1643 769 1762 812 eonnexa
1777 755 1884 811 sibimet
1899 757 1971 810 serie

1174 847 1370 918 disputationis,
1395 849 1428 903 ad
1452 847 1516 904 iilud
1536 849 1666 918 pertenit,
1682 847 1725 903 ubi
1740 847 1789 911 ait,
1812 846 1875 900 Dico
1898 862 1969 917 erpo,

1176 936 1308 1006 Numquid
1331 941 1424 1010 repulit
1443 937 1513 993 neas
1538 938 1634 1008 piciens
1654 938 1746 994 ruunt?
1761 937 1835 1013 hbuit
1849 953 1860 992 .·
1872 953 1931 991 nota
1946 947 1970 990 ιι

1174 1045 1219 1101 epo
1234 1026 1352 1084 lendin
1365 1046 1433 1096 onan,
1446 1031 1583 1085 eonomine
1596 1029 1734 1094 dhrohorn,
1750 1044 1783 1082 ee
1797 1027 1865 1082 trihu
1877 1026 1973 1094 Berrice-

1174 1121 1226 1175 nrirr
1237 1138 1247 1176 .·
1260 1138 1311 1175 noa
1322 1122 1415 1192 reputit
1435 1121 1502 1176 Dens
1522 1121 1617 1189 piebem
1635 1137 1718 1187 onom,
1734 1138 1810 1193 quota
1831 1120 1966 1189 prescivit,

1174 1217 1214 1270 dn
1227 1217 1327 1270 nescitis
1336 1217 1363 1269 in
1376 1215 1435 1270 Elio
1446 1214 1506 1286 quaid
1515 1214 1576 1268 dicit
1593 1214 1739 1283 Scriptura,
1754 1213 1965 1284 qaourodrnodntn

1173 1309 1319 1379 interpeiiot
1332 1307 1414 1362 Denta
1427 1308 1546 1362 odoerstts
1565 1305 1667 1361 isreel?
1691 1305 1809 1370 bordne,
1831 1305 1967 1374 prophetui

1175 1410 1231 1455 tuos
1241 1400 1394 1465 occiderunt,
1406 1409 1429 1453 er
1438 1398 1529 1453 nitoris
1539 1407 1583 1452 too
1595 1396 1763 1464 suffoderant,
1775 1404 1797 1450 et
1807 1413 1852 1466 opo
1865 1394 1967 1448 relictus

1174 1508 1230 1546 rom
1243 1492 1322 1558 rotor,
1337 1499 1361 1545 et
1374 1499 1489 1562 querunt
1503 1490 1615 1542 animent
1636 1504 1727 1542 arenae.
1752 1485 1805 1541 Sed
1824 1485 1885 1551 qaid
1908 1485 1967 1537 dicit

1174 1583 1213 1637 itta·
1226 1599 1373 1655 responsam
1387 1581 1517 1635 divinitat?
1533 1581 1634 1649 Reiipni
1646 1581 1707 1633 uriid
1728 1589 1821 1648 septem
1836 1577 1917 1630 aniiiiu
1931 1579 1968 1629 ri-

1173 1691 1270 1738 rornnt,
1286 1675 1329 1741 qui
1338 1690 1388 1727 raon
1400 1679 1565 1726 comanerent
1579 1687 1644 1742 perro
1654 1668 1796 1723 anteiiooi.
1812 1667 1857 1723 Sic
1867 1652 1929 1737 'erpo
1945 1678 1968 1719 et

1174 1767 1201 1820 in
1212 1769 1260 1821 hoc
1275 1776 1385 1836 tempore
1402 1766 1516 1835 reiiqnioe
1537 1781 1582 1835 per
1603 1764 1747 1817 eiectionem
1769 1761 1877 1832 9ιιιιιιι
1894 1764 1968 1830 [oeteo

1173 1867 1241 1913 runt.
1257 1859 1286 1913 Si
1301 1869 1385 1911 eoum
1406 1857 1498 1928 pretio,
1518 1857 1575 1924 jour
1589 1872 1640 1909 non
1654 1871 1685 1910 ex
1703 1855 1839 1922 operibns,·
1852 1853 1967 1919 oiiopnirr

1173 1951 1257 2020 pretio
1266 1951 1323 2020 jam
1338 1967 1387 2004 non
1402 1959 1439 2004 ert
1454 1950 1547 2019 pretio.
1564 1947 1665 2003 Deinde
1679 1948 1739 2002 side
1752 1948 1814 2017 quiid
1829 1946 1966 2014 adjuttpat.

1175 2039 1244 2105 Quid
1258 2057 1327 2111 nuo,
1340 2041 1442 2110 inquit?
1452 2038 1528 2107 Quod
1548 2041 1673 2108 qtnoerehet
1697 2037 1790 2103 irenei,
1806 2037 1853 2090 hoo
1865 2053 1916 2089 nort
1930 2046 1966 2089 est

1173 2143 1319 2187 consecutus
1330 2150 1338 2186 :
1350 2133 1437 2186 eiectio
1455 2133 1540 2186 eutem
1553 2140 1686 2185 eotrseentn
1707 2139 1753 2184 est.
1776 2128 1829 2185 sut
1843 2127 1966 2196 strperins

1173 2226 1277 2295 respice
1288 2226 1373 2295 quatis
1384 2224 1489 2288 electio,
1503 2223 1547 2277 nbi
1563 2224 1614 2276 ait:
1628 2222 1749 2287 heiiosioe
1763 2237 1808 2290 per
1821 2219 1968 2275 eiectionem

1173 2318 1262 2388 potire
1273 2318 1410 2386 foeterent
1421 2317 1460 2371 :ri
1467 2326 1551 2370 entem
1560 2316 1653 2384 pretio,
1661 2317 1717 2384 jerat
1732 2330 1782 2369 non
1795 2329 1827 2367 ee
1837 2311 1965 2379 operibns.

1173 2408 1268 2464 Ethoe
1282 2409 1364 2463 refert
1376 2407 1410 2462 ad
1432 2408 1507 2470 iliud,
1532 2406 1601 2461 untde
1623 2406 1766 2474 disputatio
1779 2406 1828 2459 istu
1844 2402 1963 2474 proiectu
1981 2425 1983 2428 ·

1174 2510 1233 2557 est:
1247 2498 1311 2556 Cnm
1324 2500 1390 2553 erim
1402 2498 1516 2553 troadam
1528 2498 1580 2551 noti
1595 2507 1687 2562 essent,
1700 2513 1780 2565 nepae
1793 2494 1889 2565 oiiqnid
1902 2495 1968 2564 epir-

1173 2601 1229 2647 rettt
1240 2593 1298 2646 boni
1311 2599 1353 2644 ont
1368 2589 1440 2656 atoii,
1453 2598 1481 2643 nt
1493 2589 1634 2644 roeorrdnm
1647 2589 1792 2642 eiectionem
1808 2589 1967 2658 propositum

1174 2681 1222 2736 Dei
1234 2690 1345 2735 atonem
1353 2695 1363 2742 ,·
1378 2696 1429 2733 noa
1442 2677 1610 2748 exoperibus.
1626 2679 1689 2732 ttae
1701 2688 1742 2732 est
1755 2679 1851 2732 eiectio
1863 2679 1966 2747 guntin,

1173 2788 1225 2829 nou
1237 2773 1414 2841 exoperibus,
1432 2787 1482 2841 qiua
1494 2773 1504 2803 ¹
1516 2772 1582 2825 hunt
1594 2785 1656 2824 rasa
1668 2771 1693 2823 in
1708 2770 1848 2832 ineruerent,
1863 2773 1967 2823 athena
2059 2760 2063 2768 ’

1173 2878 1254 2933 opera
1267 2861 1383 2916 iaciant:
1395 2864 1457 2932 quio
1467 2863 1535 2916 hona
1544 2874 1627 2929 opera
1635 2861 1832 2930 subsequuntur
1842 2862 1965 2931 gratiani,

1173 2973 1225 3013 nou
1242 2954 1410 3030 praecedunu
1426 2954 1551 3025 quartiano
1561 2953 1645 3024 gratia
1662 2954 1708 3007 Dei
1724 2953 1787 3007 iacit
1800 2963 1828 3007 ut
1841 2969 1871 3008 eo
1888 2954 1968 3005 hrein-

1172 3067 1247 3118 tnus;
1264 3047 1667 3117 neeconstituamusJustitiant
1693 3056 1822 3112 nostram,
1849 3047 1895 3101 sed
1922 3047 1967 3100 bei

1169 3142 1271 3211 justitia
1284 3140 1319 3194 sit
1332 3140 1357 3194 in
1372 3138 1460 3204 nabis,
1476 3138 1500 3192 id
1513 3147 1565 3201 est,
1581 3152 1660 3208 pitane
1685 3138 1767 3193 donat
1789 3139 1860 3194 iterus
1879 3137 1966 3191 retritis.

1172 3233 1262 3288 Ceteri
1273 3249 1328 3286 uero
1339 3232 1456 3286 eaeaecoti
1467 3229 1620 3302 snat(iionr.
1630 3248 1668 3293 ιι,
1678 3233 1703 3295 Ι,
1713 3231 1758 3301 ii:
1775 3231 1826 3286 boe
1843 3241 1884 3286 est
1894 3231 1967 3299 judi-

1173 3324 1253 3391 ciunt,
1271 3338 1325 3394 quo
1341 3325 1406 3378 tiunt
1416 3337 1479 3377 rasa
1495 3323 1521 3376 in
1536 3323 1742 3387 contnutteiium3
1756 3338 1789 3378 ex
1802 3338 1854 3392 cpuo
1865 3322 1966 3391 judicio

1172 3412 1338 3475 dictumest,
1355 3411 1425 3466 Esou
1438 3421 1521 3466 antean
1535 3413 1594 3466 odio
1605 3412 1691 3465 hebui.
1706 3410 1808 3482 Exque
1818 3413 1919 3481 judicio
1929 3413 1968 3466 di·

1173 3511 1246 3556 ctnnt
1258 3510 1299 3556 est
1310 3501 1392 3555 etiam
1402 3500 1545 3566 Pinareoni,
1561 3501 1601 3555 ho
1613 3500 1660 3553 hoe
1675 3509 1698 3554 te
1710 3502 1824 3555 excitati.
1834 3500 1910 3556 Unde
1921 3517 1968 3569 op

1173 3601 1250 3662 paret
1262 3606 1309 3647 ros
1320 3590 1359 3646 sic
1370 3590 1559 3660 intelligentes,
1569 3592 1610 3644 roi
1624 3589 1711 3659 potins
1724 3605 1777 3644 non
1789 3589 1967 3660 inteitipentes

1174 3682 1342 3753 Apostolum,
1354 3681 1522 3750 exoperibus
1534 3689 1626 3735 contra
1641 3681 1753 3750 gratiani
1766 3680 1835 3734 rotie
1846 3680 1966 3750 gloriari,

1173 3783 1200 3830 et
1212 3784 1328 3828 nestrnnt
1337 3772 1467 3841 justitiam
1478 3771 1598 3828 seientes
1611 3773 1784 3837 constituero,
1797 3772 1907 3842 iustitiae
1919 3772 1966 3827 boi

1174 3882 1226 3919 nott
1241 3881 1301 3921 esse
1315 3863 1460 3934 subjectos.
1472 3863 1526 3918 Nos
1541 3879 1606 3920 vero
1618 3863 1701 3918 [tenna
1717 3863 1824 3932 uuidere
1841 3864 1967 3934 parrulo-

1173 3971 1232 4011 rota
1247 3956 1368 4026 opiheeut
1383 3955 1576 4024 predicamus:
1590 3953 1638 4009 sed
1651 3970 1684 4010 ex
1699 3954 1792 4009 eadent
1808 3969 1897 4009 massa
1910 3972 1968 4011 rne-

1174 4045 1246 4100 dinnn
1261 4048 1347 4100 iocum
1362 4046 1440 4109 nasis,
1458 4046 1502 4100 nbi
1524 4060 1575 4101 nee
1593 4047 1619 4099 iu
1634 4046 1765 4101 bonorem
1787 4046 1861 4112 hant,
1878 4062 1926 4102 nec
1941 4049 1967 4101 in

1174 4136 1373 4198 cotttunteiiarn,
1388 4151 1466 4205 qinom
1481 4152 1532 4188 non
1544 4136 1616 4189 dedit
1628 4137 1780 4204 Apostolus,
1792 4152 1844 4190 non
1858 4136 1966 4201 dantus;

1174 4227 1244 4299 qttod
1258 4242 1305 4281 nos
1329 4226 1450 4280 ineiertdo
1473 4226 1621 4280 evaderetis
1641 4227 1770 4295 judicium
1792 4228 1848 4292 Dei,
1867 4228 1889 4280 si
1904 4243 1966 4282 enm

1175 4318 1359 4375 tnutnunuudo
1371 4318 1587 4379 biauieltsortttn,
1602 4325 1629 4371 et
1651 4332 1703 4371 uon
1719 4319 1838 4370 ornaintn
1858 4318 1965 4372 issereti-

1175 4427 1266 4469 cerunt
1277 4411 1460 4465 darnnatoronn
1470 4409 1655 4463 demonstrare
1666 4407 1789 4478 possetis.

1207 4569 1215 4599 ¹
1232 4563 1367 4626 riginerius
1377 4562 1416 4611 bie
1426 4568 1453 4611 et
1464 4560 1524 4610 intro
1534 4562 1556 4609 tn
1568 4572 1598 4611 eo
1609 4559 1673 4611 ruutt
1685 4560 1821 4616 testimonio
1829 4565 1968 4611 eorsueter

1174 4626 1249 4684 eddit,
1261 4623 1343 4675 soiooe.
1447 4682 1454 4693 ,

1206 4686 1293 4751 ¹apud
1303 4685 1399 4745 bedam,
1412 4697 1477 4748 ιιιιια.

792 4954 1030 5062 LIBER
1059 4948 1498 5061 SECUNDUS.

359 5136 483 5189 esteten
493 5135 555 5189 iiber
565 5139 651 5192 tuliani
661 5141 691 5191 ad
703 5143 796 5194 tiorum
806 5142 937 5199 secundus.
948 5142 990 5199 otti
998 5141 1031 5190 do
1042 5138 1090 5190 ittts
1102 5145 1140 5190 est
1150 5135 1255 5200 apostoli
1265 5137 1355 5192 serbis,
1369 5135 1398 5183 od
1412 5142 1526 5185 nouenos
1537 5151 1560 5196 r,
1576 5145 1620 5187 rer
1631 5149 1706 5187 uatem
1717 5137 1836 5189 iuuenem
1845 5148 1970 5204 peceatum

330 5194 353 5241 tn
362 5200 426 5249 hiero
438 5202 556 5250 mundam
565 5199 671 5275 introiit,
683 5208 756 5277 etper
767 5210 893 5270 precatum
901 5216 966 5254 mors
975 5216 984 5263 ;
993 5205 1058 5274 etita
1067 5204 1181 5252 ineuntes
1192 5196 1306 5269 ιιιιιιιιιι,
1320 5205 1368 5246 ιιι.
1378 5196 1497 5269 tulianunr
1504 5198 1543 5269 bio
1553 5200 1646 5272 rejecto
1656 5199 1775 5249 oetbolieo
1782 5202 1876 5311 serusuj
1883 5217 1971 5252 secun-

330 5260 470 5326 durqnom
492 5265 637 5325 nuptssttuus
659 5279 683 5314 un
703 5265 765 5316 bbro
782 5266 890 5316 secundo
908 5265 941 5314 de
955 5266 1047 5326 ttttptits
1064 5269 1091 5312 et
1111 5265 1323 5330 concupiscentie,
1348 5265 1428 5319 oepno
1446 5272 1562 5323 rtgesnno
1582 5267 1701 5324 soptnno,
1721 5273 1751 5310 ea
1769 5264 1844 5311 rerba

1878 5276 1893 5312 e
1915 5265 1972 5315 ttdae

331 5331 427 5381 memte
438 5327 600 5386 generatione
611 5328 637 5377 iu
648 5340 733 5379 omues
744 5329 819 5391 ipsius
829 5336 940 5391 posteros
951 5327 1091 5378 memisse
1100 5320 1230 5384 exposuit)
1242 5319 1330 5367 trustra
1343 5317 1462 5379 laborare,
1475 5328 1502 5369 ut
1511 5321 1644 5370 seeundum
1656 5320 1806 5383 restagnantem
1816 5322 1928 5374 irneresira
1939 5326 1975 5376 de

332 5382 444 5446 exempto
456 5387 558 5448 peceati,
571 5400 619 5437 nou
630 5389 749 5440 insomnes
759 5395 878 5453 posteros,
890 5388 934 5440 sed
946 5390 971 5438 iu
980 5391 1110 5451 peeoeutes
1120 5390 1213 5437 tautum
1224 5381 1358 5431 inuitatione
1368 5383 1532 5442 aansenmis,
1545 5381 1722 5446 intelligantur.

1054 5511 1241 5571 ΜΝ

367 5634 386 5688 Ι.
406 5636 543 5693 turtures.
565 5637 710 5695 Comrtrodu
732 5641 869 5697 nobiscunt
891 5650 1025 5714 ageretur,
1041 5641 1063 5696 si
1078 5649 1124 5694 ant

334 5728 400 5797 tpnd
413 5729 536 5785 eruditos
548 5731 649 5801 judiees
661 5735 795 5805 negotium
808 5734 927 5792 veritatis
938 5736 1004 5792 tueri
1016 5736 1124 5792 daretur

333 5815 465 5885 ineuitas;
487 5829 533 5876 ant
555 5823 616 5891 quio
640 5824 690 5879 itoe
714 5825 819 5882 interitu
840 5837 961 5897 negatur,
983 5827 1026 5884 vei
1050 5826 1124 5885 nunilo

325 5906 517 5992 'inaperitorutn
532 5912 771 5970 obverberaremur
787 5918 909 5973 tttrnnbu.

367 6003 545 6059 hoousrtsus.
566 6003 643 6061 Tales
664 6017 737 6063 eorte
757 6008 875 6064 eruditas
895 6010 998 6079 judices
1015 6015 1122 6083 putaris,

332 6094 374 6161 uni
395 6094 444 6150 nisi
467 6094 564 6150 itterint
583 6097 680 6152 eteniti
695 6108 721 6153 et
737 6099 822 6153 ornati
838 6100 990 6158 iibnrniibns
1005 6107 1030 6159 di
1047 6108 1122 6175 sipii-

1177 5634 1335 5706 nisusque
1358 5636 1538 5707 ignoraverint
1554 5639 1616 5708 quid
1639 5642 1771 5699 senserint
1791 5644 1871 5701 etiam
1893 5645 1971 5715 hirtus

1177 5725 1270 5782 morundi
1284 5727 1293 5758 ¹
1307 5727 1466 5797 philosophi,
1482 5728 1516 5783 de
1531 5729 1584 5785 tnis
1602 5730 1679 5788 dietis
1697 5734 1818 5804 judicare
1836 5751 1889 5789 neu
1910 5749 1971 5804 pos-

1178 5815 1245 5873 sint.
1258 5816 1331 5872 Talis
1346 5819 1389 5873 bie
1402 5828 1459 5874 erat
1470 5819 1637 5888 hntbrosius,
1653 5840 1732 5894 qtronu
1746 5825 1863 5893 judicent
1879 5824 1900 5876 si
1917 5837 1970 5879 non

1176 5911 1284 5980 refugis
1296 5907 1416 5967 dubitare
1430 5929 1481 5968 nutu
1495 5913 1587 5980 debes,
1599 5916 1745 5987 justissime
1755 5926 1781 5970 te
1793 5931 1852 5970 esse
1861 5914 1970 5969 danntu·

1176 6012 1242 6056 tutu.
1268 6001 1315 6058 ibe
1328 6002 1398 6057 eninr
1412 6003 1473 6059 duxit
1491 6051 1497 6069 ,
1516 6029 1524 6060 ι
1539 6009 1637 6067 (hireos
1652 6010 1773 6066 tournines
1787 6009 1837 6062 snb
1859 6019 1968 6078 pertento

1205 6121 1271 6170 'iiss
1289 6119 1345 6170 bier.
1364 6131 1386 6172 ιι
1405 6134 1478 6182 nort..
1493 6124 1563 6173 ..,„„3
