4900 6892
407 691 478 750 1899

406 809 488 860 strare
509 799 726 858 subministrabat
745 797 904 869 corporibus
924 793 1101 855 animalibus,
1124 791 1194 846 sicut

408 895 543 965 spirituale
556 893 654 962 lipnurn
669 890 746 953 ritae,
760 887 831 959 quod
846 894 887 942 est
901 885 947 940 Dei
960 883 1100 955 sapientia.
1115 881 1196 934 sitam

308 1018 312 1024 ·
407 986 551 1042 salrrtilerce
573 982 701 1037 doctrinar
723 979 823 1035 sanetis
845 977 978 1032 mentibus
1000 973 1195 1029 subrrrinistrat.

409 1076 483 1132 unae
501 1075 620 1129 nonnulli
635 1074 784 1129 divinorum
798 1070 964 1140 eloquiorum
976 1067 1056 1121 ctiam
1073 1061 1198 1151 caqboliei

409 1173 566 1220 tractatores
581 1163 732 1233 paradisum
754 1160 917 1232 spiritualem
928 1153 1126 1212 commendare
1138 1166 1198 1206 nra-

408 1256 531 1318 lnerrrnt;
548 1269 600 1308 non
612 1261 700 1308 tamen
715 1251 833 1306 historia
852 1249 1024 1312 resistentes,
1038 1259 1097 1315 qnos
1110 1252 1201 1297 osten·

408 1346 447 1400 an
468 1345 618 1401 euidentius
638 1344 813 1416 corporalem.
837 1341 865 1396 si
887 1354 951 1394 uero
976 1336 1066 1392 Enoch
1085 1344 1113 1389 et
1134 1332 1199 1387 Elias

409 1436 547 1504 spirituale
555 1436 609 1505 lam
621 1449 718 1502 eorpus
732 1449 792 1489 csse
804 1430 975 1502 responderis
992 1447 999 1484 a
1014 1443 1062 1483 cur
1077 1440 1129 1480 narr
1143 1424 1199 1496 pri-

411 1543 515 1582 morum
534 1527 691 1591 bominum,
716 1535 848 1581 eteorum
862 1525 906 1593 qui
926 1539 958 1578 ex
973 1523 1025 1578 illis
1043 1536 1090 1590 per
1102 1519 1200 1573 seriem

410 1619 588 1673 successionis
599 1626 782 1683 nascerentur,
797 1616 819 1672 si
832 1615 933 1670 nullum
949 1622 1086 1683 peccatum
1100 1611 1200 1666 eriste-

313 1701 317 1708 ’
411 1717 462 1772 aet,
476 1707 545 1777 quoti
560 1709 645 1762 illesa
659 1708 729 1777 liquo
742 1707 803 1760 sitm
818 1705 913 1760 merito
925 1710 1071 1773 separaret,
1087 1698 1202 1754 animale

411 1809 510 1863 eorpus
539 1797 564 1849 in
589 1796 727 1865 spirituale
757 1794 875 1864 potuisse
898 1792 1011 1846 transire
1033 1790 1092 1844 sine
1114 1796 1202 1843 moris

411 1883 498 1940 media
511 1884 645 1939 conflaris
659 1885 685 1949 ¹,
702 1899 735 1939 ne
750 1883 899 1953 paradisum
913 1882 978 1949 Dei,
999 1897 1031 1936 ne
1045 1882 1132 1935 locum
1143 1878 1202 1934 leli·

410 1974 481 2028 eiam
495 1975 661 2044 gaudiorum,
675 1976 761 2044 paenis
774 1973 898 2028 mortium
911 1971 1199 2042 atque⁸morientiam,

411 2072 439 2117 et
451 2064 687 2120 innumerabilibus
703 2065 899 2120 mortiferorum
918 2064 1071 2119 morborum
1083 2061 1204 2118 eruciati-

411 2152 462 2207 bus
470 2152 580 2222 implere
593 2154 714 2223 cogarist

449 2242 505 2296 XL.
518 2242 577 2298 lut.
599 2244 651 2298 seu
665 2261 715 2298 nou
728 2246 853 2315 primaru,
876 2245 975 2315 inquit,
990 2244 1058 2314 quoti
1071 2242 1203 2314 spirituale

410 2342 465 2397 est,·
488 2334 533 2387 secl
552 2335 619 2402 quad
637 2335 747 2389 aninsula
759 2353 768 2391 .·
782 2336 891 2403 deiude,
914 2337 981 2406 quod
1001 2336 1133 2404 spirituale
1153 2341 1201 2389 est.

412 2420 516 2478 Priasus
535 2424 609 2480 isarno
626 2427 658 2480 rle
678 2439 763 2493 terra,
782 2431 921 2491 terrestris:
943 2429 1067 2482 securtaus
1082 2427 1157 2481 isarno
1171 2425 1203 2480 tls

409 2514 492 2582 coela,
517 2516 622 2570 celestis
638 2518 725 2572 :sicut
742 2521 895 2589 portavimus
914 2519 1050 2590 inrupissent
1068 2517 1201 2584 terrestris,

411 2614 538 2672 portemus
561 2616 584 2661 et
603 2609 737 2679 inrupissent
756 2610 827 2664 iilius
848 2611 963 2666 celestis.
990 2611 1088 2679 Aperte
1107 2623 1202 2678 nempe

411 2698 507 2754 transit
530 2698 563 2752 all
586 2700 693 2764 studia,
719 2701 830 2770 uultque
856 2711 958 2755 tantum
981 2701 1110 2754 interesse
1133 2699 1202 2754 inter

411 2788 573 2854 praeteritam
597 2800 714 2845 nostram
736 2800 764 2845 et
779 2801 937 2860 prementem
959 2792 1199 2856 conversationem,

409 2885 537 2944 quarrtrrm
556 2878 667 2934 interest
680 2881 750 2934 inter
767 2882 956 2937 mortalitatem
965 2880 998 2936 'et
1016 2881 1201 2937 immortalita-

411 2973 475 3020 tem.
491 2965 602 3032 l'rr'mus,
619 2969 714 3039 inquit,
731 2970 806 3024 tronto
819 2971 850 3024 de
864 2982 942 3038 terro,
956 2972 1098 3033 terrestris,·
1110 2987 1200 3024 meurs·

409 3058 459 3112 aas
478 3059 553 3112 irorata
570 3060 602 3113 rie
615 3061 695 3124 caelo,
717 3063 847 3116 coeicstis:
867 3063 974 3117 nomine
992 3062 1200 3117 substantiarum

410 3151 538 3218 propositi
556 3150 654 3204 indicat
667 3151 857 3206 diversitatem.
875 3152 967 3223 Neque
985 3153 1056 3207 eninr
1069 3153 1199 3220 Christus,

409 3255 489 3308 quem
512 3241 645 3296 horminum
669 3243 805 3298 caelestem
825 3254 919 3312 uocat,
942 3260 1049 3300 earnem
1071 3260 1145 3299 snam
1166 3244 1200 3299 de

408 3332 479 3386 coelo
493 3332 633 3402 leposuir,
653 3350 733 3405 quarn
753 3335 904 3392 desemine
925 3336 1024 3400 bas-ta,
1046 3335 1201 3392 desemine

409 3423 506 3488 Asiam,
522 3435 549 3479 et
562 3425 630 3480 intra
644 3428 784 3482 mulierem
799 3427 833 3483 de
846 3428 966 3483 mulieris
980 3443 1060 3484 earne
1072 3428 1199 3498 suscepit.

409 3511 575 3569 Torrentem
599 3526 710 3586 ergoet
730 3517 866 3575 caelestem
891 3518 972 3574 refert
991 3517 1023 3573 ad
1043 3519 1153 3574 uirtutes
1173 3526 1202 3574 et

407 3603 481 3659 siria.
506 3605 626 3676 lienique
644 3609 764 3678 sequitur
780 3627 787 3664 ε
803 3609 876 3665 siem
895 3613 1048 3681 portavimus
1066 3613 1200 3681 imapinenr

408 3697 551 3760 terrestris,-
579 3708 705 3767 portemas
733 3700 807 3754 etiam
832 3702 966 3772 imapinem
990 3700 1059 3756 illins
1084 3703 1199 3757 caelestis.

408 3786 453 3841 Sic
466 3796 493 3841 et
505 3787 538 3841 ad
554 3788 688 3846 Romanos
704 3807 711 3844 :
728 3790 875 3845 Humanum
899 3801 934 3846 est
957 3794 1026 3862 quod
1046 3794 1119 3856 dico,
1139 3811 1199 3862 pro-

409 3883 465 3942 pter
477 3875 647 3943 inpressitatenr
661 3881 744 3933 earnis
760 3890 848 3933 uestrae
862 3897 871 3933 :
885 3881 949 3933 sicut
968 3883 1033 3935 enim
1054 3883 1200 3938 eslribuistis

409 3964 520 4018 merulra
532 3977 612 4020 nestra
628 3971 720 4023 seruire
735 3971 915 4036 inemunditias,
934 3982 958 4026 et
969 3973 1095 4043 iniquitati
1104 3974 1138 4026 acl
1148 3974 1198 4028 ini-

408 4057 527 4121 quitatem
536 4074 546 4121 ,¹
563 4060 598 4113 ita
616 4077 683 4114 nanc
697 4063 810 4116 calulate
822 4064 932 4117 irrenrbra
952 4073 1033 4118 uestra
1051 4066 1143 4119 seruire
1152 4066 1199 4136 js·

408 4145 482 4199 stitire
494 4148 520 4201 in
530 4151 755 4217 sanctificationem
770 4153 856 4225 (Ram.
869 4171 905 4219 vr,
922 4155 976 4225 l9).
988 4155 1121 4210 Tenerem
1135 4170 1199 4211 reno

408 4251 523 4306 sequens
538 4239 731 4297 exhortationis
744 4254 907 4312 assumpte,
930 4246 1036 4312 srrlrdit,
1058 4245 1128 4316 qnod
1148 4246 1199 4302 nisi

409 4325 590 4398 intelligatur,
614 4333 703 4388 omnia
725 4334 782 4404 rjus
805 4336 936 4392 uidebitur
958 4337 1027 4392 dicta
1048 4337 1198 4396 subrueret

409 4415 466 4473 llos
474 4436 533 4488 erqo
543 4422 609 4485 dica,
626 4427 727 4494 fratres,
742 4428 801 4495 qtria
813 4444 875 4481 earo
886 4437 908 4481 ct
917 4431 1020 4500 sanquis
1032 4446 1136 4500 requam
1150 4429 1198 4487 nri

407 4511 536 4580 possidere
550 4529 599 4567 nou
612 4525 732 4582 possunt,
749 4534 794 4570 nse
811 4520 1001 4588 perpetuitatem
1011 4521 1126 4576 interitus
1138 4538 1197 4591 pas·

406 4600 505 4663 ridebit.
521 4602 622 4674 Nempe
634 4605 659 4659 in
676 4606 716 4660 lris
727 4606 802 4673 loeis,
816 4609 945 4678 inquibus
958 4611 1023 4664 nibil
1034 4611 1104 4666 aliud
1117 4626 1198 4682 quant

406 4688 440 4758 rie
452 4690 606 4748 atnunanoa
619 4696 707 4751 caruis
720 4697 914 4752 resurrectione
927 4699 1103 4768 laboraverat,
1118 4717 1198 4773 quam

406 4778 510 4845 dixerat
523 4782 547 4835 in
564 4784 637 4853 requi
651 4784 933 4854 glrrriaeollocandaat,
947 4802 1019 4847 nnnc
1032 4797 1196 4864 pronuntiat,

405 4868 464 4937 quia
479 4884 538 4923 caro
556 4880 579 4924 et
592 4873 697 4946 sanquis
710 4889 815 4949 repausa
826 4877 873 4932 Dei
884 4880 1011 4949 possidere
1022 4898 1071 4936 nan
1083 4894 1196 4955 possunt.

405 4953 435 5012 Si
455 4970 520 5014 earo
533 4977 586 5016 non
602 4965 741 5034 possidet,
764 4968 787 5022 si
807 4970 915 5040 sanquis
929 4986 980 5025 nou
1000 4972 1136 5043 possidet,
1152 4974 1197 5031 ubi

406 5056 457 5115 est,
473 5049 548 5119 crrjus
562 5067 641 5120 supra
657 5069 780 5125 pompam
794 5070 933 5128 regenerat
947 5063 1108 5118 resurrectio
1122 5081 1198 5120 mor·

405 5141 528 5196 tuorum?
551 5143 648 5198 Verum
663 5145 906 5218 scripturemore,
921 5167 1029 5210 manem
1042 5165 1070 5211 et
1086 5159 1196 5229 sanqui-

405 5246 482 5299 nem,
498 5234 571 5299 uitia,
587 5250 640 5290 uon
655 5238 829 5296 substantiam
844 5245 999 5302 nominarit.
1014 5248 1133 5321 lienique
1145 5251 1196 5309 boc

406 5320 474 5375 irlerrr
489 5326 592 5394 aperuit
607 5343 614 5379 ε
630 5326 695 5384 Ecce
713 5331 934 5401 rrrpsteriumualis
946 5338 1002 5392 alico
1016 5356 1026 5394 .·
1040 5357 1125 5396 omnes
1136 5343 1195 5412 qui·

405 5410 463 5465 rtem
480 5429 656 5486 resurqemus,
678 5421 722 5474 seri
734 5439 784 5476 nors
797 5439 884 5480 omues
896 5427 1096 5486 iururutalinsur.
1111 5432 1194 5489 briel-

405 5500 468 5556 lesit
481 5517 511 5558 se
525 5508 651 5575 magister
663 5512 804 5582 egregius,
823 5531 904 5586 supra
921 5517 1077 5576 beatitudini
1092 5531 1193 5580 tanturn

404 5592 498 5651 laturae
508 5601 709 5658 resurrectionis
723 5606 879 5662 uocabulum
894 5609 1043 5667 uindicasse
1053 5612 1080 5679 ’ς
1097 5622 1123 5669 et
1133 5613 1194 5671 ideo

404 5773 490 5887 &sisse
498 5782 552 5827 uss.
563 5784 590 5829 tt
598 5778 665 5842 aba,
676 5788 751 5834 marte
762 5783 911 5850 uerlieterir,
919 5788 1021 5851 habena
1034 5801 1195 5853 ammaeen-

414 5898 445 6005 ιιι·
457 5872 515 5950 aira
533 5901 659 5963 omittunt,
679 5903 792 5956 mortium
802 5914 882 5972 atquc.
900 5911 945 5961 sal
957 5906 1201 5964 babentmaauserl·'

404 5971 412 6018 ι
432 5975 490 6068 'lsie
500 6027 553 6092 uss.
566 6027 590 6072 tn
603 6026 682 6087 siqu,
690 6038 765 6097 stupra
771 6026 939 6088 lentitudinem
955 6041 1045 6088 tautum
1056 6035 1145 6097 [utura
1153 6049 1192 6087 rc·

404 6087 439 6125 itit
447 6079 556 6135 trebana
567 6085 704 6141 samarium
713 6087 840 6149 ursluasse.

694 690 706 709 ⁸
722 681 845 741 oannis
864 678 1069 736 tutasttlut'lt
1089 676 1223 734 tessun
1243 673 1421 744 tttttttltitl,
1440 675 1469 733 S.
1491 676 1675 734 recusatur

1975 682 2041 743 liat

1254 788 1358 845 illudne
1368 773 1519 860 ambiguum
1530 799 1691 856 remaneret,
1701 790 1825 855 absolsit,
1841 791 2044 862 θηιιιαςιίὀη

1252 894 1429 949 rasrpeurasr
1454 895 1517 935 eene
1535 896 1594 950 quae
1613 889 1655 936 est
1672 881 1797 937 excitatio
1815 884 1968 941 emnmmris
1982 900 1991 940 c
2003 888 2045 943 ssi

1252 986 1303 1024 stau
1324 987 1409 1025 ornnes
1433 971 1639 1039 transmarus,-
1665 988 1728 1028 ecee
1751 973 1797 1028 ubi
1819 983 1862 1030 est
1887 978 2044 1035 manavit

1252 1060 1401 1115 beatorum.
1418 1060 1569 1118 lmrautatio
1580 1079 1645 1133 erqo
1655 1064 1799 1134 ingloriam
1816 1066 1870 1122 illis
1884 1074 1986 1123 tantam
2000 1067 2041 1125 b

1253 1148 1348 1216 betur,
1367 1150 1412 1222 qui
1427 1167 1480 1206 sorr
1492 1152 1557 1207 iram
1571 1152 1636 1220 liei,
1654 1153 1703 1208 seri
1716 1169 1836 1210 amorem
1850 1166 1999 1212 merentes.
2015 1156 2045 1215 ls

1253 1251 1386 1306 uramenta,
1402 1242 1495 1312 inquit,
1506 1243 1532 1297 in
1545 1243 1597 1296 ictu
1608 1243 1738 1299 oculorum
1755 1245 1776 1312 ¹,
1790 1245 1818 1299 in
1828 1247 1969 1301 noriuirsra
1979 1250 2045 1315 isis,

1253 1340 1276 1383 et
1298 1331 1389 1384 rrrortui
1409 1341 1538 1402 resurpcrrt
1555 1332 1714 1402 incorrupti,
1734 1343 1759 1390 et
1780 1352 1827 1390 nos
1847 1337 2045 1394 insistentium.

1254 1423 1345 1476 benuo
1357 1423 1402 1478 bie
1424 1426 1518 1479 transit
1532 1424 1566 1479 ad
1585 1440 1632 1480 cos
1652 1435 1779 1493 sanctos,
1800 1442 1869 1497 quas
1884 1426 1943 1485 dies
1965 1428 2043 1487 illeirr

1254 1528 1335 1569 carne
1356 1515 1489 1584 reperiet:
1510 1525 1538 1570 ct
1560 1516 1624 1571 ‹lieit
1641 1519 1766 1588 quoniam
1789 1519 1816 1573 in
1836 1529 1975 1577 momento
1993 1529 2042 1579 ln

1255 1603 1348 1669 breti,
1364 1620 1443 1674 quam
1459 1605 1620 1675 potestesse
1640 1617 1776 1664 extremus
1791 1609 1851 1667 trnis
1864 1620 2040 1678 sononrnr,st

1256 1696 1301 1767 qui
1316 1699 1411 1751 mortui
1425 1699 1543 1764 inerant,
1564 1700 1714 1755 excitentur
1728 1702 1889 1772 incorrupti,
1907 1704 1932 1758 id
1946 1713 1995 1767 est,
2005 1705 2040 1761 ia·

1257 1789 1341 1857 tegni:
1356 1789 1441 1859 etqui
1457 1789 1556 1843 inventi
1571 1788 1681 1856 luerint,
1696 1791 1874 1847 immutentur
1886 1794 1914 1848 irr
1924 1794 2038 1864 gloriata·

1257 1877 1361 1948 Oportet
1379 1880 1445 1933 enim
1464 1881 1512 1934 lroe
1534 1882 1699 1950 corruptibile
1715 1883 1821 1938 irrrlrsere
1832 1886 2038 1956 incorruptela,

1255 1977 1278 2022 et
1291 1970 1397 2022 mortale
1408 1969 1455 2024 tec
1465 1971 1799 2028 induereimnrortalitatens.
1816 1972 1881 2030 Cam
1891 1987 1974 2030 ausas
1980 1992 2038 2031 sse·

1255 2057 1306 2110 tale
1326 2057 1373 2111 boc
1389 2059 1498 2113 induerit
1518 2060 1752 2129 imnrortalitaterrr,
1775 2071 1836 2116 turre
1851 2064 1897 2133 fiet
1912 2080 1991 2119 sens
2001 2066 2038 2135 qai

1255 2146 1362 2215 scriptus
1382 2158 1435 2202 est.
1456 2151 1581 2219 absorpta
1600 2161 1636 2206 est
1653 2168 1720 2206 nrars
1740 2153 1767 2206 in
1790 2153 1923 2208 matamoro
1945 2155 2035 2212 ια’.

1256 2234 1306 2290 titt
1326 2246 1381 2304 est,
1401 2255 1483 2305 rrrors,
1510 2249 1567 2295 taus
1587 2241 1708 2298 acubus?
1733 2244 1776 2299 sii
1797 2254 1836 2299 est
1859 2245 1964 2300 uetans
1981 2245 2035 2315 isal

1254 2326 1364 2381 Aculeus
1374 2337 1458 2383 auteur
1475 2331 1577 2396 inertis,
1598 2343 1747 2401 peccatum·
1759 2334 1839 2391 sirus
1848 2345 1933 2393 wetti
1944 2337 2034 2404 ml.

1255 2417 1305 2471 tes.
1329 2418 1467 2486 Osterulit,
1482 2428 1609 2492 strupo,
1625 2425 1749 2492 quoniam
1764 2425 1799 2480 de
1812 2435 1966 2483 sanctorum
1984 2436 2033 2483 tarr·

1256 2514 1310 2559 trrnr
1333 2509 1529 2566 resurreetione
1551 2511 1735 2582 loqueretur:
1757 2514 1819 2571 ideo
1843 2519 2033 2586 pretermittens

1255 2595 1326 2650 illam
1349 2596 1490 2666 impiorum
1508 2601 1711 2669 excitationem,
1730 2603 1841 2675 tliqrrum
1855 2621 1919 2662 esse
1930 2622 2033 2678 prasu-

1256 2687 1303 2741 liat
1317 2695 1346 2741 ut
1367 2688 1392 2742 in
1408 2691 1565 2760 corporibus
1579 2702 1731 2749 sauctorum
1744 2696 1954 2767 corruptibilitas
1966 2704 2032 2755 etet·-

1254 2777 1337 2832 rritate
1360 2779 1451 2848 gloriae
1474 2780 1627 2837 devoretur.
1656 2781 1722 2839 Cum
1746 2795 1837 2841 aulem
1860 2785 1930 2853 boc,
1951 2788 2031 2858 inquit,

1254 2867 1333 2923 lrrerit
1356 2870 1511 2940 impletum,
1533 2882 1595 2928 tane
1615 2875 1704 2930 licebit
1727 2877 1858 2934 insultare
1872 2878 2032 2946 ambolant

1254 2960 1334 3015 morti
1356 2973 1508 3030 perpetuae,
1530 2980 1590 3035 quar
1604 2965 1674 3023 lrane
1685 2971 1886 3039 sumptionem
1899 2972 2031 3028 saurae·

1253 3045 1352 3103 lecerat
1374 3053 1470 3106 rualem
1492 3054 1595 3122 uidem
1619 3064 1681 3113 tanc
1701 3059 1878 3130 increpabunt
1894 3074 2031 3119 sanem

1252 3139 1368 3206 garalia,
1388 3151 1528 3198 contusum
1548 3160 1563 3201 a
1582 3162 1612 3203 se
1632 3149 1753 3204 aculeum
1775 3151 1872 3208 mortis
1890 3154 2032 3222 ementita

1252 3227 1405 3299 dicentque,
1422 3231 1472 3287 liii
1485 3244 1541 3303 est,
1554 3253 1638 3305 nrars,
1653 3241 1757 3295 aculeus
1772 3243 1853 3297 tuus?
1865 3243 1908 3298 rrli
1919 3255 1956 3300 est
1967 3246 2032 3301 sisto

1253 3320 1291 3371 sia
1302 3321 1366 3374 tua?
1378 3322 1487 3379 Aculeus
1497 3336 1580 3381 aulem
1593 3330 1691 3396 martis,
1705 3340 1856 3402 peecatum
1874 3335 1954 3389 ainus
1963 3343 2032 3389 ntes

1253 3411 1358 3481 peccati,
1369 3413 1419 3468 lec.
1434 3413 1461 3468 iri
1476 3428 1526 3483 est,
1541 3417 1563 3473 0
1578 3428 1604 3473 ta
1618 3435 1691 3475 mors
1705 3430 1817 3488 aterna,
1832 3423 1955 3480 aculeum
1965 3425 2032 3481 hbe·

1253 3502 1300 3558 bas
1315 3513 1469 3574 peccatum,
1492 3524 1545 3578 quo
1565 3510 1717 3568 desertores
1736 3512 1849 3583 iustitie
1868 3516 2030 3573 uulneratus:

1253 3596 1377 3663 qaorriam
1403 3599 1425 3652 si
1450 3599 1502 3655 boc
1522 3603 1615 3658 aculeo
1635 3615 1736 3659 arnrata
1760 3620 1812 3662 rrorr
1833 3622 1926 3673 esses,
1947 3608 2030 3672 idest

1253 3695 1363 3752 peccato
1384 3687 1553 3757 uoluntario,
1575 3692 1639 3748 mrlli
1653 3695 1761 3750 omnino
1776 3697 1925 3752 noerrisses.
1947 3697 2031 3754 Penta·

1253 3783 1308 3830 turn
1330 3777 1380 3832 lroe
1392 3788 1420 3833 ct
1439 3781 1510 3836 bunc
1530 3784 1650 3839 aculeum
1673 3786 1773 3842 uiribus
1796 3787 1861 3844 lidei
1880 3789 2030 3846 warinus·

1252 3868 1342 3935 virles,
1367 3875 1580 3931 remuneratione
1598 3887 1687 3932 uestra
1704 3887 1788 3944 teste,
1809 3895 1892 3950 aqna
1905 3895 1954 3937 nas
1966 3894 2031 3939 essa·

1251 3956 1324 4011 baris
1347 3959 1479 4018 abducere
1496 3981 1502 4018 :
1518 3966 1626 4020 aculens
1640 3968 1737 4038 qnippe
1752 3978 1814 4024 tuus
1833 3980 1973 4040 peccam
1985 3969 2031 4036 art,

1252 4049 1375 4104 etsirtus
1397 4055 1496 4120 peccati
1521 4056 1556 4108 tui
1578 4057 1618 4110 lex
1638 4068 1711 4124 crat;
1735 4061 1863 4129 quoniam
1885 4062 1927 4117 uli
1948 4068 2033 4119 sard

1252 4137 1310 4204 les,
1326 4156 1370 4193 nee
1384 4143 1559 4210 prevaricatio
1573 4144 1660 4216 (Rana.
1673 4162 1715 4214 ru,
1730 4146 1786 4221 la).
1798 4148 1849 4205 tet
1864 4160 1940 4208 uerte
1951 4166 2033 4224 qtae·

1251 4228 1292 4284 uis
1315 4232 1424 4287 aculeus
1452 4244 1511 4290 tuus
1531 4235 1541 4266 ⁸
1560 4246 1698 4306 peccatum
1721 4248 1810 4306 essem
1839 4252 1930 4304 umen
1954 4242 2034 4305 laria

1251 4319 1337 4377 lactas
1359 4333 1401 4379 est
1423 4327 1492 4394 apurl
1518 4329 1752 4396 praevaricatorum
1775 4331 1909 4394 duanam
1931 4339 2032 4404 sunus

1251 4421 1390 4484 postquam
1406 4431 1478 4471 mors
1490 4418 1513 4472 ei
1526 4419 1592 4488 legis
1600 4419 1705 4479 admota
1719 4435 1761 4482 est
1773 4425 1800 4493 ⁸3
1814 4444 1878 4499 qtae
1888 4438 1979 4487 umen
1991 4444 2033 4487 aar

1251 4503 1284 4558 arl
1298 4504 1349 4559 lroc
1361 4505 1422 4561 lats
1435 4507 1530 4580 iuerat,
1544 4523 1573 4569 ut
1585 4525 1694 4571 acueret
1706 4518 1728 4571 ⁸.
1743 4515 1798 4574 Les
1808 4521 1883 4576 enias
1901 4528 2035 4589 sescum

1251 4594 1398 4653 mandatum
1409 4610 1535 4669 muctam,
1549 4615 1573 4657 et
1579 4606 1690 4676 justum,
1702 4617 1726 4662 et
1739 4608 1850 4677 bonum
1861 4613 1908 4667 sed
1918 4622 2034 4681 pereum
2066 4652 2068 4656 -

1252 4691 1282 4742 ul
1293 4699 1416 4758 appareat
1428 4692 1569 4760 peccaturis,
1584 4713 1629 4766 per
1643 4699 1735 4752 bonum
1753 4700 1816 4755 nnat
1833 4713 1942 4763 mortem
1954 4718 2033 4775 optra-

1253 4778 1327 4833 lrslur
1339 4821 1347 4845 ,
1361 4790 1388 4836 ut
1400 4783 1470 4849 peret
1482 4801 1560 4854 supra
1574 4787 1676 4841 asamar
1688 4789 1769 4858 ipsum
1789 4801 1923 4860 peccantis
1940 4806 2033 4865 percu

1251 4887 1296 4940 per
1306 4872 1452 4927 marmium
1461 4873 1516 4945 (lu.
1525 4891 1571 4940 rrr,
1583 4868 1644 4931 lbet
1655 4877 1708 4950 ts).
1718 4880 1779 4934 liae
1788 4883 1958 4952 ergerirtrrs,
1966 4894 2032 4954 qen

1250 4964 1359 5020 aculens
1372 4974 1433 5021 tuus
1445 4976 1599 5035 spontaneae
1610 4969 1635 5023 in
1650 4971 1728 5026 nobis
1745 4972 2033 5045 iniquitatisarnseqss

1249 5053 1327 5108 batur
1340 5054 1441 5125 adjutu,
1457 5056 1574 5112 fidelium
1590 5059 1747 5126 virtutibus,
1762 5061 1883 5119 saluium
1898 5065 1955 5134 jam
1966 5076 2032 5121 aare

1251 5143 1292 5198 nis
1307 5144 1376 5199 ricta
1396 5147 1604 5217 comprobatur,
1618 5158 1645 5204 et
1665 5151 1756 5205 tracta.
1781 5149 1946 5211 insultamus
1966 5152 2031 5225 ἰὼ

1250 5234 1307 5298 libi,
1325 5235 1378 5290 Dea
1388 5246 1474 5293 nostro
1488 5240 1584 5308 pretias
1598 5245 1744 5310 ariarates,
1756 5243 1800 5313 qui
1813 5243 1886 5298 mair
1897 5245 1968 5301 nolis
1978 5244 2030 5298 Η

1249 5327 1378 5381 uictoriam
1390 5345 1435 5398 per
1444 5327 1580 5386 Dominum
1591 5341 1705 5387 nostrum
1714 5331 1802 5388 lesum
1813 5333 1944 5391 (Σιιήιιιιι
1953 5333 2029 5407 (lilia

1248 5433 1300 5484 xv,
1315 5418 1436 5490 iri-lsi).

1281 5551 1289 5582 ¹
1302 5549 1338 5599 sie
1346 5554 1402 5598 llus.
1414 5555 1440 5600 trr
1451 5551 1530 5615 viga,
1542 5552 1613 5605 ocul.

1279 5611 1574 5727 :tri‘lnuatttu
1585 5622 1660 5728 ‘lt‘

1278 5732 1290 5765 ⁸
1301 5686 1376 5782 t'el'us
1386 5708 1464 5804 eolles
1476 5741 1531 5785 liar.
1546 5750 1552 5786 :
1563 5714 1646 5789 remei
1658 5737 1717 5804 lem's
1727 5741 1824 5792 adunam
1833 5745 1879 5794 est.
1893 5742 2029 5816 arbitrant

1247 5791 1389 5902 ¹⁰ffi9¹²d¹¹¹¹¹3
1402 5804 1473 5846 aloru
1483 5795 1525 5867 lea
1535 5798 1633 5850 aarum
1650 5810 1694 5852 est.
1706 5810 1763 5852 saar
1780 5811 1808 5853 et
1818 5804 1843 5877 id
1854 5805 1921 5868 quoti
1931 5803 2027 5855 anh-

1247 5868 1275 5903 su
1292 5857 1371 5916 pnngit
1384 5893 1389 5904 .
1405 5865 1452 5907 les
1462 5871 1526 5909 enan
1542 5867 1634 5927 sancta
1646 5871 1706 5922 ete,
1714 5864 1744 5913 ad
1756 5872 1881 5915 uaearesm
1893 5864 1975 5929 legera
1983 5874 2028 5932 spe

1250 5923 1299 5964 ctat
1312 5929 1318 5963 ε
1333 5924 1358 5966 et
1368 5917 1438 5977 inira,
1450 5931 1503 5982 rap.
1517 5921 1570 5981 ltt,
1583 5932 1684 5974 seretur
1695 5926 1711 5986 ip
1719 5938 1749 5976 se
1760 5939 1793 5977 ae
1804 5926 1836 5975 ab
1844 5927 2028 5991 sumuntu-

1248 5983 1285 6025 tus
1296 5977 1388 6038 peceati
1404 5978 1453 6040 lea,
1466 5982 1591 6044 speciatim
1602 5985 1634 6034 ‹lo
1655 5994 1776 6051 praecepta
1788 5986 1844 6041 ttrlae
1856 5990 1936 6053 [autu
1946 5983 2024 6039 mrsu

1247 6043 1382 6150 galatta'rrlen
1394 6107 1466 6164 lost,
1478 6109 1503 6154 ut
1513 6108 1536 6154 te
1546 6114 1652 6159 acrrcret.
