4900 6892
375 722 442 777 lm

374 834 508 905 inmutari,
521 831 689 888 assentireris
701 839 788 884 taurea
803 828 915 881 aliorum
929 833 1065 896 parentum
1078 823 1162 877 soboli

373 941 467 982 eorum
481 924 591 979 crimina
603 938 654 976 rron
668 936 773 975 nocere.

326 1075 328 1078 ¹
408 1019 475 1072 Aac.
498 1015 562 1080 Qtris
586 1012 647 1067 lruic
668 1012 751 1066 errori
776 1011 944 1070 assentiatur,
969 1007 1018 1061 nisi
1040 1007 1083 1076 qui
1111 1021 1163 1060 aron

372 1107 459 1162 credit
482 1106 538 1161 Deo
556 1104 674 1166 dicenti,
700 1101 815 1154 Reddam
837 1110 939 1185 peccato
962 1107 1061 1167 petrum
1081 1098 1107 1150 in
1129 1097 1161 1165 ι’-

373 1197 441 1250 lios?

407 1284 499 1341 ttttlt.
514 1284 573 1340 int.
585 1283 750 1338 Manifestum
763 1292 829 1346 erat,
844 1297 896 1335 non
914 1280 1101 1351 generationis,
1115 1278 1161 1333 scd

371 1380 480 1434 alterins
498 1378 687 1447 cuiuscumque
704 1375 785 1430 luisse
798 1388 895 1438 cause,
908 1373 978 1444 qrrod
993 1373 1067 1425 tritius
1080 1386 1161 1439 geue-

370 1471 454 1524 rantis
468 1477 585 1538 peccato,
602 1467 670 1536 apud
685 1468 803 1536 iniquum
818 1474 907 1520 tamen
919 1463 1046 1533 judicem,
1067 1463 1111 1516 lilii
1124 1462 1161 1516 ri-¹

370 1559 629 1615 alebanturobnoxii.

405 1656 473 1708 bes.
495 1651 669 1722 Apertissime
688 1649 755 1703 dieis
775 1648 892 1718 iniquum
914 1647 1013 1710 Deum,
1039 1644 1081 1714 utri
1097 1659 1159 1713 pec-

362 1752 426 1798 cata
450 1752 552 1813 patrum
572 1742 739 1812 apertissime
760 1740 825 1795 dicit
847 1754 877 1794 se
904 1740 928 1794 in
950 1739 1018 1793 idios
1041 1738 1158 1793 redditu-

360 1853 439 1891 rrrrn.

404 1923 497 1979 Llllll.
512 1923 571 1978 lut.
595 1923 749 1992 Frenaque,
766 1930 795 1975 nt
816 1922 883 1976 sicut
902 1921 998 1991 judicis
1019 1921 1158 1974 estimatio

352 2015 554 2070 innocentibus
568 2012 750 2069 maculabatur
769 2012 880 2066 addictis
893 2013 912 2075 ²,
934 2013 967 2065 ita
980 2013 1158 2081 generationis

349 2116 455 2160 status
476 2107 588 2159 alioruin
612 2114 748 2173 parentum
770 2104 948 2157 vindicaretur
968 2105 1106 2172 exemplis.
1128 2104 1156 2158 Si

308 2183 329 2203 ⁸
342 2197 438 2250 carim
455 2197 586 2261 tramitis,
601 2195 622 2248 si
635 2194 755 2249 criminis
765 2209 842 2249 cansa
857 2195 1061 2248 infecunditatis
1076 2210 1156 2264 opere

339 2287 548 2352 constitisset;
572 2301 678 2340 omnem
695 2285 882 2340 fecunditatem
897 2285 1013 2340 conditio
1028 2287 1077 2339 ista
1101 2287 1156 2355 pol·

333 2377 461 2431 lueret.

403 2468 473 2522 nnc.
488 2465 604 2520 Reddam
620 2477 720 2533 peccata
743 2476 843 2534 patrum
864 2467 890 2518 in
911 2466 987 2532 tilios,
1008 2466 1078 2520 Deus
1101 2467 1156 2520 cla·

332 2564 418 2610 mat
434 2575 440 2611 :
455 2572 519 2626 ergo
531 2558 593 2626 quia
607 2558 650 2611 ille
664 2571 742 2612 teras
763 2566 820 2624 est,
836 2565 861 2611 tu
877 2558 910 2611 ab
929 2558 1024 2612 itinere
1039 2558 1158 2613 veritatis

331 2647 512 2700 excubitus.

398 2737 482 2791 LXV.
508 2737 568 2791 Jut.
591 2737 657 2791 Cum
684 2753 748 2791 uero
769 2753 821 2791 unu
842 2738 954 2792 diversae
979 2740 1157 2808 generationis

335 2826 488 2881 diuersus
517 2835 605 2880 tamen
627 2835 767 2895 appareret
790 2836 891 2891 status,
917 2828 1051 2881 relucebat
1078 2845 1155 2895 pror·

331 2931 431 2981 sus,
457 2920 536 2986 etigrn
563 2919 588 2970 in
616 2919 662 2971 illo
683 2919 825 2987 corijugio,
847 2920 922 2985 eujus
943 2922 1026 2974 reatui
1051 2921 1155 2976 soboles

334 3020 413 3062 sna
436 3008 698 3075 communicaverat,
719 3010 916 3078 generationem
940 3025 991 3063 nou
1014 3011 1094 3066 inisse
1116 3013 1155 3065 ri·

336 3099 467 3153 [iatam.

399 3192 469 3244 Aua.
489 3189 546 3243 Etsi
560 3188 664 3243 diuersa
677 3191 811 3255 generatio
827 3205 878 3245 non
892 3199 943 3253 cst,
956 3205 1016 3245 curn
1034 3193 1154 3246 morituri

335 3292 396 3334 ex
414 3281 553 3334 morituris
566 3291 728 3335 nascuntur:
745 3291 831 3336 tarrreu
842 3283 911 3351 qrrod
926 3284 988 3336 tlreit
1001 3285 1152 3352 Apostolus,

333 3368 465 3440 Corpus
478 3370 577 3439 quidem
592 3381 718 3423 rnnrtmtm
741 3383 776 3425 cst
791 3382 893 3441 propter
914 3383 1043 3442 peccatam
1066 3373 1153 3437 (Ratae.

336 3473 425 3526 vm,
442 3463 499 3531 to),
515 3477 566 3515 non
587 3461 619 3515 ad
633 3463 699 3516 alios
714 3474 812 3531 patres,
826 3463 871 3518 sed
887 3464 918 3516 ad
933 3465 1006 3517 illum
1023 3466 1153 3533 pertinet,

327 3554 409 3620 qrri
429 3562 501 3606 tanta
516 3552 650 3619 impietate
669 3554 797 3622 peccarit,
812 3563 936 3622 utrarutam
951 3570 999 3607 nos
1018 3556 1103 3608 metiri
1116 3565 1155 3609 at-

295 3656 370 3713 ·q
380 3662 415 3701 ue
430 3646 565 3700 aestimare
577 3659 629 3698 non
651 3660 800 3713 possumus.
823 3646 873 3701 Sed
894 3656 1017 3715 qtrantam
1031 3647 1101 3700 illam
1113 3649 1155 3716 jn-

318 3732 369 3786 d
380 3735 494 3791 icaverit
506 3736 595 3801 Deris,
617 3738 680 3789 satis
696 3736 796 3791 idoneis
818 3736 956 3791 didicimus
977 3739 1105 3803 testibus,
1128 3749 1155 3793 et

315 3828 371 3882 d
381 3833 453 3887 irina
469 3832 570 3887 scilieet
592 3831 739 3900 Scriptura,
753 3842 778 3888 et
793 3835 848 3902 ipsa
861 3836 966 3904 generis
980 3837 1085 3890 immani
1105 3838 1155 3891 mi-

310 3925 444 3986 seria,
456 3937 582 3994 utramam
595 3927 606 3958 s
621 3941 668 3994 pro
680 3936 787 3995 peccato
799 3927 856 3994 ejus
870 3929 1004 3997 propagini
1020 3928 1087 3997 ejus,
1101 3945 1152 3982 non

312 4006 464 4084 briasto
478 4016 570 4086 ntique
580 4016 681 4085 judicio
702 4016 758 4077 bet,
776 4016 905 4070 redditam
919 4019 1052 4071 cernimus
1069 4036 1075 4071 :
1091 4021 1151 4087 qni,

307 4113 416 4160 uun
431 4105 494 4159 dico
512 4115 638 4161 aeternam
661 4116 688 4161 et
712 4107 807 4160 atrimae
830 4117 856 4161 et
877 4110 1013 4176 corporis.
1036 4109 1082 4163 sed
1106 4125 1154 4166 nec

309 4194 539 4266 temporalem
563 4197 684 4264 corporis
698 4204 830 4261 traortem,
846 4211 894 4251 nec
908 4206 945 4250 tot
958 4183 984 4252 εἰ
999 4204 1070 4251 tanta
1085 4199 1153 4252 nrala

296 4293 422 4351 qun
435 4285 555 4342 riclemus
574 4289 696 4357 parvulos
710 4289 821 4358 perpeti,
838 4290 917 4343 etiarn
930 4290 956 4343 in
971 4285 1112 4358 paradiso,
1132 4293 1154 4345 si

302 4383 443 4431 nemo
456 4389 600 4447 pieccasset,
614 4378 698 4433 lutura
715 4381 795 4434 luisse
807 4380 929 4443 dicimus,
945 4382 1069 4450 quiriniana
1083 4381 1153 4437 ebri-

303 4467 442 4521 stum
455 4482 558 4522 sumus.
570 4470 620 4522 lllii
635 4485 696 4524 vern
711 4479 799 4538 patres
813 4472 915 4525 etiamsi
931 4473 1011 4527 mrrlta
1025 4483 1151 4541 peccant,

306 4554 451 4612 tamen
467 4558 528 4626 quia
545 4566 572 4613 et
584 4559 670 4613 anima
689 4560 802 4625 inirrrna,
815 4571 842 4614 et
857 4563 882 4615 in
897 4577 1008 4633 emptore
1021 4566 1152 4634 corrupti·

314 4633 408 4702 ltili
430 4648 502 4717 quod
524 4651 794 4719 aggravatanimam,
818 4664 943 4721 peccant;
969 4669 1018 4708 nee
1039 4658 1153 4723 pcccatis

323 4743 455 4792 eurtum
471 4738 500 4792 in
511 4749 603 4793 natura
619 4741 754 4802 moritura,
769 4750 795 4796 et
808 4752 913 4810 peecata
927 4759 1019 4798 eorrrm
1033 4746 1058 4798 in
1072 4744 1150 4813 lilius,

334 4830 494 4899 tupplicio
514 4831 593 4900 louge
608 4832 714 4886 diverso
732 4846 759 4887 et
779 4835 855 4904 longe
868 4836 971 4890 minore
989 4837 1150 4904 redduntur,

344 4919 419 4987 eius
433 4920 540 4975 ecculm
556 4922 680 4992 justoque
693 4924 802 4992 judicio,
823 4926 866 4993 uui
883 4927 907 4980 iu
921 4942 1043 4982 mensura
1057 4938 1083 4982 et
1101 4946 1152 4984 nu-

354 5019 437 5068 mero
450 5021 478 5066 et
493 5013 609 5081 paridere
621 5024 716 5069 cuncta
730 5016 846 5084 disponit
862 5018 871 5090 (
880 5018 944 5087 Sap.
965 5035 1000 5085 rr,
1016 5020 1046 5074 il
1056 5018 1084 5092 ),
1106 5031 1149 5087 et,

365 5098 480 5155 lieddmn
502 5113 604 5172 peccota
628 5115 727 5174 petrum
749 5105 774 5159 in
798 5108 884 5174 filios,
911 5123 962 5162 nou
989 5111 1152 5167 mendaciter

366 5190 435 5246 dicit.

397 5281 491 5339 ntur.
506 5284 564 5339 iun.
586 5285 652 5353 Quid
676 5288 754 5358 igitur
768 5297 854 5343 actum
877 5290 935 5344 est?
960 5292 1149 5348 l'itlelicettarn

366 5381 464 5426 mutum
485 5388 546 5428 esse
569 5375 704 5431 traducem
728 5394 780 5431 non
795 5393 854 5434 esse
874 5382 971 5448 peccati
984 5423 992 5446 ,
1007 5390 1035 5436 ut
1047 5385 1149 5438 etiarnsi

367 5465 485 5530 doceres,
498 5476 608 5537 propter
620 5470 684 5524 Adae
700 5481 836 5539 peccatum
851 5473 918 5527 lilios
934 5476 1030 5543 puniri,
1044 5487 1151 5531 consta·

364 5565 404 5610 ret
420 5565 509 5611 tamen
523 5557 624 5613 innasci
638 5569 743 5628 peecata
761 5577 812 5615 non
827 5576 914 5631 posse,
932 5579 980 5617 nec
999 5566 1100 5620 crimen
1113 5566 1151 5622 ire

361 5661 421 5701 cum
442 5648 559 5714 semiue;
583 5650 688 5718 qrrando
710 5666 761 5704 non
786 5651 837 5706 boc
852 5653 877 5706 in
900 5654 971 5707 omni
994 5655 1150 5712 lecrrmlitate

360 5748 423 5791 esse
436 5734 556 5793 lacereris
572 5757 579 5792 :
594 5754 625 5794 ae
643 5755 690 5808 per
704 5739 764 5806 boc,
780 5742 829 5795 etsi
852 5743 1017 5798 traderentur
1032 5748 1151 5814 personis

359 5824 437 5892 ritis,
452 5843 504 5882 nou
521 5837 607 5884 tanuen
629 5833 801 5901 conceptibus
815 5834 999 5890 miscerentur.
1014 5837 1089 5892 Nune
1102 5854 1150 5892 au-

394 6027 402 6059 ¹
420 6027 609 6086 mithridatis,
626 6032 774 6092 fastigantur
794 6035 823 6083 ad
843 6042 894 6085 ltss.

393 6088 405 6121 ²
420 6096 474 6138 ltss.
486 6089 546 6140 clar.
559 6100 585 6140 et
595 6100 658 6153 trac,
670 6105 757 6171 (patrna¹

1043 703 1143 761 Lttttitt
1164 704 1322 766 Tutt'tttts.

1938 723 2006 777 teat

1220 831 1271 876 tem
1291 839 1350 877 cum
1372 826 1494 882 interme
1510 836 1537 881 et
1551 838 1577 883 le
1591 831 1739 897 coercentur,
1754 841 1891 899 parentum
1906 851 2001 904 pecea-

1218 920 1273 966 tum
1293 915 1325 968 ad
1343 915 1419 981 itlius,
1442 918 1491 970 nisi
1513 919 1576 972 ritio
1596 930 1623 974 et
1644 932 1718 976 reatu
1739 927 1925 992 generationis,
1950 943 2003 979 raon

1217 1008 1334 1073 potuisse
1349 1011 1475 1075 transire,
1493 1013 1585 1065 rationi
1608 1024 1715 1081 autem,
1739 1018 1884 1085 exenrplis,
1903 1020 2005 1087 legione

1216 1099 1380 1165 euomuerit,
1400 1103 1579 1168 generationis
1593 1114 1688 1158 statum
1712 1108 1784 1161 nrdlo
1796 1118 1871 1178 pacto
1887 1111 2003 1177 potuisse

1216 1187 1317 1253 uitiari;
1339 1191 1408 1258 qnod
1428 1191 1507 1245 etiam
1528 1209 1559 1263 gx
1576 1203 1617 1248 tua
1628 1198 1800 1252 concessione
1815 1199 1944 1264 firmatur,
1958 1217 2002 1270 qur

1215 1276 1281 1330 dieis
1302 1279 1433 1334 nullorum
1456 1293 1593 1350 parentum
1610 1297 1716 1353 peccata
1730 1299 1826 1357 prater
1844 1291 1955 1345 duorum
1969 1292 2002 1345 ad

1215 1367 1313 1420 liberos
1335 1384 1470 1436 permeare
1488 1373 1681 1431 :invictissime
1702 1378 1849 1432 conlectum
1872 1390 1931 1445 est,
1953 1374 2003 1435 nee

1215 1458 1401 1514 secunditatem
1413 1464 1557 1530 primorum
1570 1465 1705 1520 bominum
1716 1485 1730 1520 a
1741 1469 1846 1524 diabolo
1857 1470 1937 1526 luisse
1947 1486 2003 1526 cor·

1212 1560 1328 1619 ruptam,
1343 1568 1393 1607 nec
1405 1556 1475 1608 nasci
1489 1556 1568 1609 ullam
1584 1572 1662 1626 posse
1677 1569 1823 1628 peccatum.

1249 1643 1315 1697 dnn.
1330 1643 1388 1696 Nou
1406 1643 1456 1697 boc
1469 1646 1514 1698 tibi
1536 1647 1653 1701 dicitnr:
1670 1649 1726 1719 ipse
1740 1652 1794 1711 tibi,
1810 1651 1879 1719 quod
1894 1669 1945 1706 non
1958 1653 2000 1707 di·

1212 1733 1307 1792 cintus.
1332 1735 1407 1789 diris.
1433 1737 1467 1790 Ει
1489 1739 1601 1792 aliorum
1623 1751 1725 1810 patrum
1750 1744 1775 1795 iu
1803 1744 1870 1798 lilios
1891 1754 1999 1814 peccata

1211 1824 1375 1887 redduntur,
1399 1826 1487 1880 divina
1504 1827 1625 1897 justitia,
1641 1846 1692 1884 non
1714 1831 1827 1886 lmmana
1843 1852 1850 1888 :
1864 1835 1913 1888 scit
1928 1836 1998 1888 enim

1211 1915 1281 1968 bens
1293 1916 1398 1984 quando
1418 1927 1444 1973 et
1457 1919 1590 1988 utromodo
1610 1920 1634 1974 id
1646 1921 1791 1989 justissime
1811 1923 1904 1986 laeiat;
1920 1925 1999 1978 lrnmo

1209 2014 1298 2060 autern
1312 2008 1412 2070 nescit,
1428 2017 1456 2062 et
1477 2010 1621 2065 sectandum
1642 2013 1817 2081 cognitionem
1832 2030 1907 2067 suam
1921 2015 2000 2068 debet

1208 2097 1279 2154 lerre
1291 2099 1429 2169 judicium.
1441 2101 1532 2156 Potest
1543 2105 1613 2156 enirn
1625 2105 1701 2165 scire,
1713 2120 1772 2158 cunr
1786 2106 1884 2175 judicat
1895 2107 1999 2174 (quam-

1210 2192 1288 2245 viset
1302 2192 1352 2246 boc
1367 2209 1418 2246 non
1431 2193 1563 2263 semper),
1579 2194 1675 2248 lactum
1690 2197 1697 2226 ¹
1713 2198 1840 2263 cuinsuue
1856 2211 1996 2264 personae:
2031 2199 2033 2204 ’

1209 2281 1279 2336 unde
1294 2292 1381 2336 autem
1397 2284 1469 2336 riorit
1481 2284 1575 2351 ‹pulnrs
1586 2294 1612 2338 ct
1623 2286 1744 2354 qnalilnrs
1758 2287 1867 2339 uinculis
1879 2301 1997 2340 connexa

1209 2371 1252 2435 sit,
1269 2370 1303 2425 de
1316 2387 1367 2441 qua
1381 2383 1437 2425 orta
1453 2382 1508 2439 est,
1522 2383 1613 2427 natura
1628 2377 1749 2428 naturae?
1763 2376 1814 2430 Sed
1831 2376 1892 2429 illud
1905 2392 1996 2440 unum,
2035 2417 2040 2426 .

1208 2476 1262 2530 qun
1274 2462 1299 2515 in
1311 2465 1403 2516 mortis
1414 2466 1597 2519 neccessitatem
1608 2475 1707 2518 mutata
1718 2477 1758 2519 est
1769 2467 1881 2520 bumana
1893 2477 1997 2531 natura,

1209 2553 1314 2606 etiamsi
1326 2553 1376 2606 alia
1391 2555 1460 2606 nulla
1471 2553 1536 2620 sint,
1548 2554 1670 2608 sulficere
1682 2556 1714 2607 ad
1727 2555 1935 2619 damnationem,
1947 2557 1997 2609 nisi

1209 2643 1388 2710 generationis
1416 2643 1542 2712 obligatio
1564 2647 1764 2713 regeneratione
1786 2647 1923 2711 soluatur,
1947 2646 1997 2700 boc

1208 2731 1341 2799 dicimus,
1365 2733 1414 2785 etsi
1430 2733 1523 2787 audire
1546 2750 1597 2787 non
1622 2736 1720 2801 t·ultis;
1744 2737 1793 2789 boe
1815 2737 1925 2790 ueritate
1944 2752 1996 2791 uun

1208 2823 1313 2876 vincitis
1325 2865 1332 2888 ,
1348 2824 1398 2877 etsi
1410 2839 1561 2893 oppugnare
1576 2826 1733 2894 ionitaeitate
1744 2829 1894 2893 persistitis.

1245 2913 1347 2967 Ltt'tt.
1370 2914 1429 2968 let.
1450 2915 1583 2982 Queat-itur
1603 2932 1666 2986 ergo
1681 2932 1695 2970 a
1709 2917 1801 2983 nobis,
1821 2935 1868 2973 eur
1888 2936 1938 2974 riou
1954 2935 1996 2975 as·

1208 3004 1357 3058 sentiantur
1379 3007 1498 3059 nutrirale
1517 3021 1577 3061 esse
1602 3019 1748 3075 peccatum.
1775 3011 1994 3077 llespondemus,

1207 3095 1275 3161 Quia
1304 3097 1404 3149 nullum
1433 3096 1513 3149 babet
1537 3098 1791 3163 uerisimilitudinis,
1823 3100 1919 3152 uedrrm
1948 3117 1995 3153 re·

1207 3185 1313 3247 titatis,
1333 3186 1434 3239 utillum
1456 3187 1583 3254 justitiae,
1605 3188 1704 3241 utillum
1731 3189 1836 3256 pietatis
1861 3191 1994 3253 colorem;

1206 3274 1267 3343 quia
1281 3275 1413 3328 dialrolnm
1428 3276 1592 3329 conditorem
1608 3276 1741 3330 botniuum
1757 3277 1818 3331 sarit
1830 3278 1924 3332 rideri.

1243 3367 1309 3420 Aba.
1332 3366 1405 3420 facit
1429 3367 1505 3435 plateae
1528 3368 1631 3433 rideri,
1653 3370 1699 3424 sed
1721 3371 1814 3436 robis,
1829 3388 1880 3425 non
1900 3373 1996 3441 eisqui

1208 3468 1336 3510 renuerunt
1351 3473 1365 3511 a
1381 3470 1474 3512 ttatrrra
1487 3459 1638 3512 discernere
1652 3461 1754 3525 titium,
1771 3463 1893 3530 qnarnris
1905 3464 1930 3516 in
1950 3479 1998 3516 na·

1208 3556 1265 3600 tura
1279 3548 1314 3600 sit
1325 3549 1426 3600 titium.
1439 3547 1510 3616 Lege
1522 3549 1554 3600 ad
1570 3548 1706 3613 ilelrrruns,
1719 3560 1745 3603 et
1757 3552 1816 3605 ride
1832 3567 1923 3604 eorum
1936 3568 1996 3608 esse

1207 3635 1320 3690 solidum
1332 3638 1431 3704 cibum,
1445 3638 1489 3706 qui
1504 3639 1663 3693 exercitatos
1679 3640 1775 3694 lrabeat
1787 3656 1882 3695 seusus
1894 3642 1926 3694 ad
1948 3658 1995 3697 sc·

1208 3728 1352 3796 parandum
1373 3729 1469 3782 bonurn
1494 3744 1508 3781 a
1530 3731 1624 3784 malo:
1647 3732 1716 3800 quod
1739 3749 1785 3786 ros
1808 3749 1860 3787 non
1883 3733 1994 3790 babctis.

1206 3817 1269 3872 ideo
1283 3819 1388 3888 quando
1400 3819 1524 3885 dicimus,
1540 3820 1660 3875 Nascitur
1674 3821 1753 3877 borno
1767 3840 1827 3877 curn
1844 3825 1906 3877 titio
1919 3842 1925 3887 ;
1940 3824 1996 3879 dia-

1206 3909 1295 3964 bolum
1318 3912 1376 3978 ejns
1401 3910 1566 3964 eorrditorem
1591 3912 1642 3964 dici
1668 3915 1783 3982 putatis,
1807 3915 1842 3968 ita
1865 3916 1929 3970 casei
1952 3915 1995 3969 rel

1206 4000 1365 4053 contentiosi
1379 4041 1386 4060 ,
1402 4011 1430 4052 ιιι
1444 4016 1493 4054 nce
1508 4017 1648 4069 corporum
1664 4005 1735 4069 titia,
1751 4020 1810 4058 cum
1825 4007 1921 4074 quibus
1936 4007 1995 4073 uul-

1206 4087 1268 4142 dam
1291 4099 1447 4152 nascuntur,
1471 4091 1577 4157 possitis
1591 4101 1634 4144 aut
1650 4094 1735 4146 velitis
1754 4096 1892 4149 attendere
1907 4113 1912 4148 :
1927 4110 1994 4164 quo·

1207 4193 1265 4231 rum
1280 4177 1403 4231 vitiorum
1427 4179 1518 4231 rrrerita
1534 4180 1556 4232 si
1570 4193 1723 4247 truncantur
1736 4197 1752 4235 a
1765 4183 1849 4244 robis,
1863 4199 1916 4253 qua
1928 4199 1995 4239 con·

1206 4265 1328 4337 lngiatis,
1343 4267 1395 4321 nisi
1408 4267 1440 4320 ad
1457 4269 1647 4335 piraeipbinm,
1670 4287 1721 4323 nrm
1738 4272 1879 4338 invertitis,
1903 4288 1995 4342 qnam-

1206 4357 1251 4412 diu
1280 4356 1312 4411 ad
1338 4356 1516 4413 Catholicae’
1544 4358 1657 4413 solidam
1689 4370 1790 4428 petram
1820 4363 1907 4417 redire
1941 4379 1994 4418 noir

1205 4447 1294 4503 sultis.
1325 4516 1327 4520 Ι

1240 4534 1342 4590 Lblllll
1376 4536 1434 4591 lut.
1450 4537 1515 4602 Onia
1536 4539 1591 4592 beo
1610 4538 1691 4608 judici
1709 4541 1877 4612 ’iniqnitatis
1892 4542 1992 4599 crimen

1204 4627 1298 4697 alligit.

1239 4719 1306 4773 Ans.
1332 4720 1383 4772 lus
1412 4720 1462 4775 boe
1485 4719 1570 4775 lacitls
1595 4739 1602 4774 ε
1627 4722 1687 4791 quia
1711 4724 1826 4792 iniquum
1848 4734 1890 4780 est
1912 4742 1993 4794 grave

1159 4833 1161 4838 ·
1203 4826 1285 4880 super
1299 4812 1421 4880 parrulos
1434 4813 1523 4883 jugum
1538 4813 1559 4876 ⁸,
1573 4814 1596 4866 si
1615 4815 1715 4868 nullum
1729 4824 1770 4868 est
1790 4818 1916 4887 originale
1929 4835 1991 4887 pee-

1203 4910 1303 4958 catum.

1238 4991 1991 5066 mittentiumtiliorumarbitrum,quopertsstmun

1203 5084 1329 5152 pracsidio
1339 5092 1429 5136 contra
1445 5084 1565 5138 diversos
1582 5086 1697 5139 Ecclesia
1708 5085 1805 5142 Christi
1818 5089 1935 5142 tratrrritur
1947 5105 1991 5142 cr-

1203 5189 1288 5236 rores,
1304 5173 1419 5241 infringit
1429 5183 1456 5227 et
1469 5174 1582 5228 destruit
1596 5193 1602 5227 ι

1238 5266 1305 5318 tlon.
1325 5264 1450 5318 Liberum
1471 5266 1608 5319 arbitrium
1630 5283 1676 5320 ros
1690 5270 1855 5336 opprimitis,
1875 5271 1916 5324 rui
1932 5271 1992 5325 red·

1203 5353 1290 5408 dendo
1303 5355 1342 5407 vel
1354 5353 1503 5420 adiuvando
1517 5357 1562 5410 Dei
1578 5358 1690 5426 gratiam
1704 5359 1848 5428 denegatis.

1241 5442 1319 5496 txx.
1345 5444 1404 5498 let.
1430 5447 1523 5500 llireus
1542 5462 1636 5500 ourrtes
1659 5448 1779 5502 lorraines
1799 5451 1866 5504 adeo
1880 5469 1992 5521 capaces

1204 5537 1301 5590 nullius
1315 5552 1375 5591 esse
1389 5537 1509 5602 uirtutis,
1532 5547 1559 5591 ut
1579 5540 1603 5591 in
1620 5539 1682 5607 ipsis
1703 5550 1818 5597 matrum
1833 5544 1987 5606 visceribus,

1236 5806 1244 5834 ¹
1257 5802 1325 5861 filiti,
1342 5816 1384 5874 per
1396 5803 1493 5864 [ιιιιιιιιι.
1511 5808 1674 5874 Emungam,
1687 5822 1739 5872 per,
1753 5813 1893 5858 auctoritate
1907 5814 1958 5856 tiss.

1235 5866 1298 5912 ¹llic
1310 5865 1365 5912 editi
1378 5865 1476 5924 admunt,
1492 5864 1558 5928 litlet.
1580 5870 1626 5918 scd
1642 5883 1655 5917 a
1676 5877 1728 5919 ttss.
1742 5871 1827 5926 abest,
1840 5877 1866 5916 ut
1886 5881 1917 5915 eo
1940 5867 1991 5917 letto

1203 5925 1470 5978 suliaudias,ecclesiia.
1725 5969 1727 5971 >

1237 5988 1246 6016 ³
1266 5988 1410 6044 signierius.
1419 5986 1511 6047 jurii-c.
1526 5996 1589 6046 llss,
1603 5991 1686 6047 indirt'.

1236 6048 1298 6092 hie
1320 6053 1372 6094 mss.
1387 6050 1538 6111 tiguierins,
1559 6054 1614 6113 puin
1637 6053 1742 6114 ncipatum
1762 6057 1796 6100 est
1817 6058 1902 6113 gretan
1922 6066 1995 6118 aeter

1207 6109 1415 6168 piar-ertorprpnn.
