4900 6892
423 669 492 737 urs

419 791 509 844 tticule
518 786 629 842 nornine
649 785 703 846 heo
730 795 822 837 uostro
846 781 976 836 catholica
992 780 1104 835 reritate
1117 779 1208 835 redar-

417 887 479 950 guo.
493 877 545 933 Sed
564 873 700 931 ostendam
715 885 800 936 meos,
820 884 886 940 quos
901 872 926 924 iu
948 885 991 924 rue
1012 877 1085 924 tauto
1099 868 1209 939 nequius

413 964 640 1037 ‘phantoastutius
658 962 818 1017 criminaris.
836 959 865 1015 lu
880 959 930 1015 hae
956 959 1027 1015 euim
1048 973 1138 1025 eausa,
1164 959 1207 1013 nbi

414 1057 556 1131 'originalis
571 1055 670 1126 peccati
688 1053 800 1109 uertitur
819 1052 940 1123 nummio,
956 1062 1063 1121 propter
1075 1050 1145 1122 qtud
1165 1066 1208 1106 ore

421 1145 741 1203 nominehlanicbaeorum
752 1142 927 1198 atrocissimis
946 1142 1054 1212 dignum
1070 1142 1208 1196 arbitraris

421 1236 577 1307 opprobriis,
592 1248 667 1288 mnus
683 1243 725 1289 est
748 1232 904 1306 Cyprianus,
929 1232 974 1303 qui
998 1247 1058 1287 com
1085 1247 1208 1303 peccasse

419 1326 485 1382 nihil
497 1325 594 1381 dixerit
608 1323 762 1394 parvulum,
789 1339 842 1377 unu
860 1334 946 1377 tameo
959 1321 1051 1387 tacuit,
1070 1338 1130 1376 euru
1144 1337 1208 1376 enrr-

418 1417 533 1471 traxisse
545 1415 645 1484 peccati
659 1429 690 1469 ex
705 1413 788 1468 odam
802 1413 885 1482 prima
900 1411 1036 1468 nativitate
1058 1413 1206 1482 contagium

418 1506 431 1579 (
449 1505 588 1576 Epistol,
604 1506 637 1558 nd
650 1504 743 1559 Fidum
756 1503 776 1575 ).
792 1503 921 1558 biensest
940 1503 1064 1567 Hilarius,
1079 1502 1123 1572 qm
1146 1517 1208 1556 curo

418 1604 564 1672 exponeret
585 1597 654 1669 qnod
678 1599 704 1653 in
728 1597 833 1652 Psalmo
845 1597 949 1667 legitur,
968 1595 1038 1650 Vioct
1050 1597 1135 1648 rnrimo
1153 1613 1208 1650 mor

419 1704 444 1747 rt
461 1689 575 1747 ittudoitit
588 1702 636 1743 te:
653 1707 663 1740 ι
685 1688 782 1744 Vivere
807 1702 870 1754 se,t
896 1688 1013 1757 itiquim
1033 1687 1058 1740 iu
1087 1687 1136 1740 hac
1155 1687 1207 1739 rita

418 1799 472 1840 unu
482 1791 603 1852 reputat:
617 1782 715 1852 quippe
734 1779 778 1851 qui
792 1779 905 1846 dixerat,
921 1779 984 1832 h'rce
999 1779 1025 1831 iu
1037 1778 1208 1845 irripuitntihm

417 1884 551 1946 conceptus
559 1882 654 1936 suriunt
664 1874 689 1925 io
695 1872 791 1926 delictis
799 1871 893 1939 peperit
902 1878 1023 1923 oreruotrr
1037 1886 1090 1922 uren
1102 1887 1112 1920 t
1122 1867 1205 1936 (Pani.

418 1963 471 2029 t,'t
485 1961 505 2033 ).
520 1981 529 2014 ι
543 1961 599 2017 Scit
609 1963 659 2016 sub
672 1960 770 2030 pcccati
784 1959 894 2028 origine,
907 1966 934 2012 et
943 1958 992 2012 snb
1002 1958 1099 2028 peccati
1109 1959 1167 2027 lege
1178 1973 1208 2012 se

416 2060 508 2108 nautor
522 2071 533 2107 ι
548 2051 597 2123 (ln
620 2051 794 2114 Procerus,
816 2051 867 2106 trs
881 2049 903 2119 ).
918 2050 991 2105 ileos
1009 2059 1077 2105 esta
1093 2059 1137 2104 tno
1160 2049 1209 2103 dn·

418 2153 493 2199 olore
504 2142 727 2199 excellentissime
736 2142 857 2195 laudatus
874 2142 1039 2204 hrubrnsius,
1050 2143 1094 2212 qui
1112 2140 1179 2194 dixit
1194 2159 1200 2194 :

422 2233 549 2289 thrones
575 2233 697 2289 homiues
723 2232 773 2288 sub
798 2241 905 2301 peccato
920 2231 1067 2298 nascimur,
1095 2244 1206 2300 qtrnunu

417 2323 476 2392 ipse
490 2331 565 2377 ortus
579 2323 605 2377 in
620 2323 684 2378 sitin
705 2331 748 2378 est
762 2339 768 2376 :
782 2323 851 2377 sicut
865 2321 946 2383 batres
973 2321 1082 2385 loetum,
1098 2321 1204 2375 dicente

416 2412 509 2478 Dauid,
523 2411 591 2468 Ecce
604 2414 670 2468 euim
690 2413 717 2466 io
731 2411 904 2482 briquimtilrut
919 2419 1051 2481 conceptus
1066 2426 1132 2475 auru,
1148 2419 1172 2464 ot
1182 2410 1208 2463 in

417 2503 515 2559 delictit
523 2505 618 2574 peperit
632 2520 672 2559 ure
680 2512 760 2557 rnoter
777 2519 841 2556 meo.
855 2501 917 2556 ideo
938 2501 1011 2556 Pauli
1026 2517 1098 2568 earo»,
1110 2516 1208 2570 corpus

416 2595 576 2655 mortiserat
593 2613 602 2647 ι
617 2593 627 2668 (
641 2592 679 2649 lle
699 2592 861 2656 Poerriteutin,
877 2593 920 2646 lib.
945 2592 1038 2662 i,cnp.
1061 2590 1110 2662 2).
1135 2591 1208 2647 hlcus

417 2691 459 2739 est
466 2682 620 2754 Gregorius,
632 2683 676 2754 qui
684 2680 784 2737 comde
797 2681 932 2749 baptismo
941 2679 1094 2749 loqueretur
1107 2697 1114 2733 :
1132 2697 1141 2730 ι
1155 2678 1208 2733 Ve-

417 2786 548 2837 oerore.»
565 2773 660 2843 iuquit,
678 2791 688 2824 ι
706 2772 880 2835 nativitatem,
909 2785 956 2839 per
981 2785 1060 2839 qnam
1072 2769 1080 2801 ¹
1094 2777 1208 2823 terrente

328 2883 335 2896 ·
416 2863 561 2919 nativitatis
573 2863 684 2917 uinculis
696 2862 822 2917 liberatus
834 2873 863 2916 es
882 2877 893 2913 ι
910 2857 997 2932 (Orat.
1008 2859 1035 2912 in
1045 2854 1137 2911 dtrrisu'
1152 2855 1208 2910 No-

417 2953 493 3010 tnlem
504 2951 527 3024 ).
557 2951 630 3008 hiem
642 2959 684 3007 est
699 2950 820 3014 basilius,
848 2949 893 3020 qui
908 2964 968 3003 erim
983 2957 1074 3018 ageret
1090 2947 1123 3002 de
1134 2947 1205 3017 jeju·

417 3043 463 3099 trio
478 3061 485 3098 :
503 3041 591 3109 «Quia
613 3055 666 3097 non
678 3041 868 3112 ieiunavimus,
886 3058 896 3093 ι
916 3039 1033 3109 inquit,r
1057 3037 1204 3092 decidimus

415 3135 451 3193 do
469 3132 764 3206 paradisozjdunemus
778 3142 807 3188 ut
819 3131 852 3188 ad
866 3146 926 3188 eum
937 3131 1077 3187 redeamus
1093 3147 1104 3185 ι
1121 3129 1206 3199 (Ser-

416 3225 516 3280 monet
540 3223 573 3280 de
593 3221 696 3294 chnoio
712 3224 731 3295 ).
754 3222 827 3279 hleus
850 3229 893 3280 est
918 3221 1035 3278 triennes
1055 3219 1206 3276 Constanti·

417 3316 597 3391 riopolitanus,
616 3317 730 3373 dicens:
753 3335 763 3370 ι
785 3316 869 3371 Adam
889 3314 1007 3386 peccavit
1030 3313 1093 3369 illud
1106 3311 1206 3385 grande

417 3417 566 3480 peecatum,
580 3416 608 3463 ct
621 3407 844 3463 omnebnmiuum
864 3420 949 3477 geuus
961 3406 987 3459 io
1002 3420 1144 3462 commone
1158 3406 1205 3461 da·

417 3500 519 3558 narrarit
537 3516 546 3554 t
563 3500 573 3570 i
589 3498 703 3556 unsrun
717 3498 748 3558 de
760 3498 857 3553 Lazaro
870 3499 1016 3553 resuscitato
1030 3497 1051 3570 ).
1064 3498 1205 3566 lliomoes,

418 3599 447 3649 et
461 3591 507 3647 alii
521 3590 586 3648 socii
600 3606 692 3646 eornm
714 3589 808 3645 eadem
829 3589 984 3651 sentientes,
1008 3603 1075 3656 quos
1087 3602 1206 3643 comme·

418 3698 523 3741 morare
535 3684 642 3755 longum
655 3691 705 3747 cst,
720 3682 774 3736 roei
794 3679 919 3753 sootlo):
937 3679 958 3734 si
981 3679 1113 3749 agnoscis,
1127 3685 1154 3734 et
1169 3679 1206 3733 toi

417 3780 502 3841 sunl3
524 3773 571 3828 sed
584 3774 635 3829 mei
651 3773 783 3838 doctores,
811 3772 1004 3840 improbatores
1031 3770 1078 3824 tui.
1090 3769 1207 3838 Quomo-

417 3867 454 3923 do
463 3867 542 3939 igitur
556 3881 586 3921 os
599 3879 686 3920 roomo
703 3877 875 3932 meorumque
894 3861 1025 3915 damnasti
1040 3878 1048 3927 ;
1062 3875 1122 3915 curu
1136 3861 1204 3916 isto·

419 3971 495 4024 rum,
517 3970 584 4027 quos
608 3969 668 4010 esse
693 3954 826 4024 conspicis
847 3968 942 4019 mens,
958 3951 1168 4007 concordissimo
1181 3961 1208 4007 et

418 4046 590 4102 voracissimo
611 4043 699 4114 potins
728 4058 776 4098 ore
803 4034 861 4112 ipse
887 4039 1045 4097 damneris?
1063 4039 1158 4096 lstisue
1180 4049 1207 4095 ιιι

420 4134 685 4193 luminibusciritatis
696 4133 753 4200 hei,
764 4140 854 4187 mente
874 4131 1103 4196 tenebrosissima,
1118 4128 1204 4185 lroute

419 4223 661 4296 impudentissima,
685 4223 774 4294 lingua
795 4221 983 4292 procacissima
1010 4220 1092 4275 audes
1106 4222 1208 4276 crimen

419 4316 536 4387 objicere
553 4313 715 4369 Manichaei?
734 4311 762 4367 Si
784 4321 944 4368 autemnon
967 4309 1061 4378 audes,
1076 4326 1124 4366 cur
1143 4311 1208 4367 mihi

421 4421 474 4463 urin
486 4406 521 4461 ob
539 4405 610 4461 aliud
623 4404 716 4471 audes,
740 4404 789 4459 nisi
807 4402 867 4473 qnia
880 4403 930 4456 boc
944 4402 1014 4466 dico,
1035 4401 1105 4472 quod
1118 4401 1209 4456 dicunt

420 4497 516 4569 ouibus
530 4512 583 4551 nno
595 4495 677 4550 audes
689 4495 702 4547 i

456 4606 522 4663 tut.
542 4607 602 4662 luo.
616 4604 655 4660 lbi
675 4619 789 4675 namque
804 4604 847 4660 bie
859 4614 900 4657 est
923 4617 937 4656 a
954 4618 996 4676 nro
1010 4601 1121 4658 collatus
1142 4603 1208 4659 ordo

420 4699 574 4766 verborum,
601 4713 662 4753 eum
683 4697 809 4752 dixissem
833 4705 969 4751 auctorem
996 4694 1078 4750 Deum
1102 4696 1163 4751 coeli
1181 4703 1209 4750 et

420 4801 509 4857 terrae,
524 4790 696 4858 notariumque
707 4803 767 4858 qum
783 4787 808 4840 iu
819 4787 858 4841 eis
872 4795 943 4852 sunt,
956 4799 988 4840 oc
1000 4801 1047 4855 per
1058 4785 1108 4840 hoe
1120 4795 1147 4840 et
1161 4786 1208 4841 bo·

420 4883 522 4937 ruiuum
535 4890 643 4953 propter
654 4894 721 4949 quot
731 4888 826 4934 currcta
841 4876 909 4930 lacta
928 4885 1000 4931 suut.
1016 4893 1026 4926 ι
1046 4874 1101 4929 Non
1120 4884 1208 4930 autem

421 4964 586 5039 nitelogon
608 4967 732 5038 inquin¹,
753 4985 763 5018 ι
782 4982 841 5022 cum
863 4966 921 5021 liare
941 4965 1073 5045 dicimus,
1087 4965 1150 5020 illud
1175 4965 1209 5020 de

422 5059 499 5115 rrrrbis
511 5057 738 5113 disseminandum
752 5073 823 5120 esse,
837 5057 898 5125 quia
911 5056 1023 5126 gratiam
1047 5054 1145 5110 Christi
1160 5073 1208 5110 oe·

420 5151 562 5206 cessariam
584 5149 700 5219 pusulis
726 5163 777 5202 non
801 5158 932 5217 putemus.
955 5147 1030 5216 Quod
1049 5148 1209 5204 etrrtotanns

422 5241 534 5312 populns
546 5239 712 5295 laudabiliter
724 5247 751 5294 et
764 5238 936 5293 vehementer
947 5238 1071 5293 nllcndit:
1084 5239 1105 5292 si
1121 5249 1208 5295 taruco

421 5332 484 5387 dicti
498 5346 546 5402 per
558 5346 587 5387 se
602 5330 696 5386 nelarii
712 5344 764 5385 ooo
785 5344 834 5383 uos
852 5328 1045 5383 arbitrarentur
1067 5337 1208 5384 auctores:

360 5450 363 5456 ·
422 5421 537 5480 eoeuim
560 5420 638 5476 modo
661 5437 709 5477 uec
723 5421 757 5477 de
776 5419 900 5474 iratribus
923 5419 979 5474 suis
1000 5417 1065 5473 laisa
1075 5419 1209 5474 credendo

425 5513 524 5569 crimen
546 5512 728 5578 incurrerent,
743 5519 770 5566 et
790 5509 921 5565 studiosos
944 5523 974 5565 sc
997 5509 1067 5563 circa
1092 5523 1209 5564 aruorern

424 5605 484 5662 lidei
500 5603 714 5676 comprobarent.
736 5601 875 5659 hluoieoda
896 5602 975 5674 igitur
989 5601 1066 5658 nohis
1085 5603 1134 5657 ista
1149 5618 1209 5673 pars

454 5783 463 5814 ¹
481 5781 556 5842 rdttl,
567 5793 612 5845 pro
619 5790 676 5842 mre.
687 5778 847 5830 renodantur
857 5790 889 5828 ex
900 5777 1077 5849 manoserrptia.

454 5844 465 5875 ¹
481 5844 612 5895 slehsstt
621 5839 755 5898 uemrdus,
767 5839 839 5903 quod.
848 5841 874 5888 ti
893 5840 994 5910 aterius,
1006 5853 1031 5911 m
1042 5851 1097 5900 ono.
1107 5845 1162 5891 tttee
1172 5847 1211 5914 tu·

423 5898 504 5963 lienus
514 5906 538 5953 lo
556 5915 633 5976 opero
643 5915 689 5953 son
700 5902 775 5971 primo
785 5899 872 5950 sdrur
920 5906 980 5949 ιιιιιιι
991 5900 1065 5960 dixit,
1087 5905 1212 5983 remearu-

424 5959 1071 6095 ”orsmsdmhmmsphlmm
1082 5974 1112 6070 h
1119 5960 1212 6084 iridis

425 6092 591 6147 rinoceros
603 6085 728 6148 ortianum,
739 6080 782 6134 lib.
797 6082 819 6146 t,
831 6093 884 6146 erp.
896 6080 949 6144 od,
959 6090 1003 6135 eto

754 671 876 729 breuis
894 667 1098 726 tursufrcrt
1118 666 1254 731 codrus
1273 669 1452 742 ttttttrttttt,
1472 674 1502 731 S.
1522 677 1705 735 shobsrtrtt

1977 682 2045 741 idib

1262 792 1302 836 est
1315 793 1406 839 contra
1417 785 1546 859 impetum
1555 791 1692 858 vanitatis,
1707 799 1736 848 et
1748 791 1915 848 consessione
1930 795 2005 850 breui
2014 811 2046 850 ns

1262 871 1459 944 obloquentium
1481 879 1674 934 consuendum.
1707 880 1762 936 Nos
1787 881 1865 952 igitur
1888 883 1915 937 in
1943 893 2049 939 mortum

1262 965 1373 1033 gratiam
1387 965 1557 1035 baptismatis
1570 971 1692 1026 omnihus
1700 971 1791 1028 utilem
1806 974 1927 1030 rotatibus
1937 975 2049 1031 conthe-

1261 1069 1330 1116 mur,
1356 1064 1385 1108 ut
1401 1051 1512 1113 edoctos
1533 1060 1579 1130 qui
1598 1060 1670 1115 illato
1694 1075 1747 1118 riou
1768 1064 1945 1118 necessariam
1967 1064 2048 1119 etiam

1243 1144 1376 1214 'portulis
1396 1155 1499 1214 putant,
1520 1157 1621 1204 aeteroo
1646 1152 1772 1206 feriamus
1794 1152 1974 1232 anathemate.
1996 1153 2050 1209 Sed

1233 1292 1237 1300 ,
1261 1231 1330 1290 hane
1347 1237 1458 1305 gratiam
1484 1237 1641 1308 locrrpletem
1664 1242 1843 1315 spiritualibus
1864 1243 1942 1298 donis
1959 1245 2048 1298 credi·

1261 1339 1330 1388 mus,
1343 1342 1402 1397 qtrae
1415 1328 1507 1384 multis
1520 1330 1608 1400 opima
1624 1333 1777 1388 muneribus
1792 1348 1824 1387 ae
1838 1334 1985 1389 reserenda
1996 1335 2049 1389 rir-

1262 1414 1370 1480 tutihus,
1391 1431 1441 1488 pro
1461 1419 1642 1474 infirmitatum
1664 1423 1804 1491 generibus
1827 1433 1854 1476 et
1871 1423 2047 1478 bumanorum

1260 1510 1375 1559 statuum
1385 1507 1594 1574 diversitatibus,
1621 1525 1683 1576 una,
1696 1520 1749 1563 tarn
1764 1511 1941 1566 remediorum
1963 1512 2049 1567 eolla·

1261 1594 1327 1649 trice
1340 1596 1349 1628 ¹
1363 1611 1441 1666 qrram
1458 1613 1608 1666 muncrum,
1623 1600 1720 1655 uirtute
1733 1601 1889 1656 medicatur.
1909 1600 1973 1668 Quor
1987 1618 2048 1658 cum

1260 1684 1414 1742 admovetur
1426 1690 1448 1756 ¹,
1462 1703 1514 1745 uon
1531 1698 1572 1745 est
1585 1691 1709 1745 rosmoda
1723 1706 1771 1762 pro
1784 1693 1871 1747 causis
1883 1711 1889 1747 ι
1901 1692 1956 1762 jam
1976 1695 2048 1750 euim

1261 1774 1317 1845 ipsa
1332 1776 1400 1830 dona
1416 1791 1464 1832 sua
1481 1793 1529 1847 pro
1541 1779 1724 1835 accedentium
1739 1781 1885 1850 capacitate
1899 1781 2047 1851 dispensat.

1260 1863 1416 1920 sicutenim
1432 1877 1503 1921 artes
1517 1883 1610 1924 omues
1626 1885 1677 1922 unu
1697 1884 1745 1938 pro
1757 1869 1911 1924 diversitate
1925 1873 2048 1926 materia·

1260 1969 1330 2022 rum,
1345 1970 1410 2024 quas
1421 1957 1550 2026 arripiunt
1563 1957 1731 2026 excolendas,
1753 1959 1817 2029 ipse
1830 1976 1934 2031 optoque
1946 1970 1992 2015 aut
2005 1960 2049 2017 de·

1261 2045 1385 2098 trimenta
1399 2054 1444 2099 aut
1458 2056 1599 2116 augmenta
1612 2049 1756 2117 patiuntur,
1771 2049 1818 2104 sed
1838 2050 1907 2103 idem
1919 2049 1929 2081 ⁸
1943 2065 2048 2119 semper

1260 2140 1338 2204 atque
1358 2150 1411 2188 uno
1431 2136 1551 2192 modose
1572 2136 1701 2193 babentes
1724 2139 1866 2208 multiplici
1888 2139 2049 2196 decorantur

1260 2223 1354 2280 effectu
1368 2223 1394 2290 *ς
1417 2226 1498 2281 itaet
1521 2227 1665 2282 secuudum
1689 2229 1856 2298 Apostolum,
1882 2229 1939 2284 lino
1966 2231 2047 2300 fider,

1260 2332 1340 2370 uuum
1360 2316 1492 2388 Bnptisom
1513 2317 1622 2390 (Epiros.
1639 2336 1675 2386 tr,
1698 2321 1725 2392 5)
1739 2339 1745 2373 ε
1760 2329 1787 2375 et
1803 2321 2010 2392 multiplicantur
2022 2331 2049 2379 et

1261 2403 1406 2461 dilatantur
1429 2408 1455 2462 in
1471 2409 1558 2472 donis,
1575 2419 1724 2464 nontamen
1741 2411 1767 2465 iu
1787 2413 1972 2483 mysteriorum
1990 2428 2048 2466 urn-

1261 2502 1351 2551 tautur
1361 2497 1509 2553 ordinibus.
1533 2497 1585 2555 Sed
1598 2499 1656 2555 luco
1667 2501 1749 2568 gratia
1766 2516 1819 2556 nou
1833 2501 1988 2557 adversatur
2006 2503 2048 2573 ju·

1261 2586 1350 2652 stitia,
1362 2603 1422 2658 qum
1433 2589 1550 2646 maculas
1569 2591 1634 2645 eluit
1653 2591 1818 2660 iniquitatis:
1834 2608 1884 2648 uec
1906 2592 1969 2649 lacit
1988 2609 2049 2664 pee-

1260 2685 1330 2742 cata,
1348 2677 1593 2748 sedpurga13num
1611 2681 1725 2735 absolvit
1744 2698 1814 2747 reos,
1836 2699 1888 2738 noo
1903 2684 2049 2740 calumnia·

1261 2769 1304 2819 tor
1326 2768 1464 2823 innocuos.
1486 2768 1606 2824 Christos
1620 2771 1691 2826 enim
1706 2772 1751 2842 prii
1778 2784 1819 2828 est
1837 2776 1878 2829 soi
1893 2777 1982 2845 operis
2002 2793 2047 2833 re·

1261 2856 1392 2927 demptor,
1406 2868 1485 2930 auget
1498 2862 1568 2916 eirca
1583 2862 1723 2933 imaginem
1737 2879 1812 2920 snam
1826 2867 1951 2921 contiuua
1965 2869 2047 2938 largi·

1261 2955 1316 3001 tate
1328 2946 1474 3015 heuelicia;
1488 2958 1515 3004 et
1526 2965 1594 3020 qrrns
1607 2951 1708 3007 lecerat
1721 2954 1861 3009 condendo
1874 2957 1969 3022 honos,
1984 2955 2048 3013 lacit

1261 3037 1413 3095 innovando
1422 3040 1626 3113 adoptandoque
1636 3043 1769 3100 meliores.
1790 3064 1799 3098 ι
1815 3046 1888 3102 lianc
1901 3048 1979 3117 igitur
1988 3063 2049 3119 gra·

1260 3130 1340 3198 mm,
1363 3148 1409 3202 per
1424 3149 1502 3204 qnam
1529 3137 1582 3190 reis
1599 3137 1687 3202 verrio,
1712 3128 1871 3193 illuminatio
1890 3138 2047 3209 spiritualis,

1259 3220 1367 3292 adoptio
1379 3222 1492 3277 tiliorum
1507 3224 1752 3296 hei,mnuicipatus
1760 3225 1906 3282 Jerusalem
1919 3228 2047 3294 eoelestis,

1259 3313 1451 3379 sanctificatio,
1462 3323 1542 3384 atque
1556 3316 1583 3370 in
1596 3312 1695 3371 Christi
1716 3317 1836 3373 membra
1849 3318 2003 3386 translatio,
2021 3330 2048 3376 et

1259 3409 1396 3481 possessio
1407 3409 1481 3480 regui
1495 3409 1623 3465 coelorum
1646 3412 1804 3468 mortalibus
1825 3413 1912 3483 datur,
1934 3420 1979 3487 qui
1999 3417 2048 3472 oli·

1259 3499 1355 3568 quibus
1368 3500 1515 3573 negandam
1528 3508 1617 3571 putat,
1639 3501 1757 3557 omnium
1779 3504 1910 3561 bonorum
1923 3521 2047 3563 exsecra·

1261 3590 1359 3645 tionem
1375 3599 1502 3647 meretur.

1295 3681 1363 3737 Aoo.
1378 3680 1406 3736 lo
1427 3680 1469 3737 bis
1492 3683 1615 3739 omnibus
1638 3701 1698 3756 quae
1717 3691 1932 3745 commemorasti
1956 3693 2048 3762 gratias

1260 3768 1307 3823 Dei
1330 3771 1493 3835 muneribus,
1516 3772 1661 3843 illudquod
1684 3777 1757 3845 prius
1772 3779 1895 3847 posuisti,
1918 3780 1975 3835 dari
1999 3798 2048 3853 per

1260 3859 1332 3915 illam
1357 3861 1410 3917 reis
1429 3863 1544 3930 reniam,
1566 3878 1620 3918 nou
1639 3865 1680 3920 ris
1700 3865 1734 3921 od
1758 3869 1881 3936 parrulos
1904 3871 2046 3940 pertinere,

1260 3962 1327 4018 quos
1337 3950 1418 4004 ullum
1433 3960 1535 4006 reatum
1551 3968 1632 4023 ungas
1642 3970 1675 4009 ex
1690 3956 1774 4010 udam
1789 3957 1903 4013 trahere.
1916 3960 1970 4015 Cur
1984 3977 2048 4033 ergo

1260 4046 1357 4093 catera
1370 4040 1459 4095 multis
1470 4050 1548 4110 negat
1560 4042 1629 4097 heus
1640 4046 1766 4112 parvulis,
1788 4047 1833 4117 qui
1853 4048 1911 4105 sine
1925 4050 1974 4105 hac
1987 4067 2048 4121 gra-

1262 4127 1297 4181 tia
1311 4126 1338 4182 lu
1350 4129 1393 4183 illa
1406 4140 1483 4185 orate
1498 4133 1670 4188 moriuntur?
1682 4149 1738 4202 cur,
1755 4137 1873 4206 inquam,
1888 4156 1940 4194 nou
1954 4142 1994 4196 eis
2005 4142 2047 4196 da·

1262 4224 1305 4270 tur
1317 4216 1475 4274 illuminatio
1486 4221 1641 4289 spiritualis,
1663 4223 1770 4293 adoptio
1784 4227 1896 4281 liliorum
1910 4230 1967 4296 hei,
1990 4247 2049 4286 mu·

1261 4305 1390 4375 oieipatus
1408 4308 1554 4364 Jerusalem
1576 4313 1704 4380 coelestis,
1726 4317 1910 4386 sanctiticatio,
1931 4324 2047 4392 atqueiu

1261 4394 1358 4449 Christi
1373 4397 1490 4452 membra
1505 4399 1658 4468 translatio,
1684 4411 1711 4457 et
1728 4407 1860 4472 possessio
1879 4411 1951 4478 regui
1964 4413 2048 4466 coelo·

1260 4484 1341 4538 romi
1356 4485 1478 4542 tteeetne
1492 4487 1553 4542 'tot
1567 4504 1677 4544 munera
1691 4500 1743 4546 tam
1757 4477 1916 4565 necessaria,
1933 4509 1971 4554 tot
1984 4503 2049 4556 ima·

1260 4576 1364 4647 ginibos
1377 4578 1431 4631 suis
1448 4578 1548 4633 trullum
1569 4582 1714 4637 secundum
1726 4600 1772 4641 vos
1793 4599 1929 4656 peccatum
1943 4591 2047 4647 habco-

1262 4667 1332 4721 tibus
1345 4676 1457 4737 negaret
1468 4669 1547 4735 Deus,
1560 4685 1643 4740 penes
1657 4689 1736 4743 quero
1747 4689 1850 4731 surnma
1865 4689 1981 4748 potestas
1994 4693 2048 4748 cst,

1260 4771 1320 4813 curu
1345 4756 1397 4812 hoc
1420 4759 1576 4814 benclrcium
1602 4776 1654 4816 oon
1680 4778 1746 4819 ase
1769 4768 1906 4835 probibeat
1927 4771 2049 4829 uoluntas

1261 4850 1392 4904 contraria
1403 4849 1590 4920 parvulorum?
1604 4851 1644 4907 Tu
1657 4861 1729 4910 certe
1742 4866 1771 4910 ιιι
1782 4856 1851 4914 hauc
1865 4875 1879 4912 a
1891 4862 1965 4916 robis
1975 4879 2049 4919 arno

1261 4939 1348 4995 lireris
1362 4940 1497 5006 iuvidiam,
1518 4955 1569 5010 qua
1586 4941 1703 4997 dicimini
1717 4946 1832 5014 parvulis
1847 4948 1972 5019 baptismi
1987 4970 2048 5022 gra-

1262 5030 1325 5083 tiam
1334 5029 1475 5100 denegare,
1485 5031 1574 5087 dixisti
1587 5033 1657 5103 quod
1667 5051 1724 5089 eam
1732 5039 1854 5105 gratiam,
1866 5041 2049 5110 quialirpribus

1261 5120 1407 5192 negandam
1431 5131 1516 5190 putat,
1537 5125 1655 5178 omnium
1684 5125 1814 5182 honorum
1835 5135 2046 5190 exsecrationem

1293 5293 1459 5364 ‘drepanium
1479 5294 1574 5365 wricmtt
1600 5295 1761 5367 remediorum
1780 5301 1934 5354 collatricem.
1953 5308 2047 5369 t'lgoie·

1261 5356 1403 5465 riusttgsucn
1422 5356 1583 5408 reoredtnrunt
1602 5357 1733 5411 wllotmce.
1744 5365 1893 5426 instigantur
1912 5367 1942 5416 od
1964 5382 2050 5419 roano-

1261 5429 1324 5466 strtt
1365 5450 1372 5464 .

1293 5431 1459 5533 ΙΙιιειιιιιιιιε,
1470 5483 1590 5527 onwtrtrtr
1601 5487 1739 5542 :conpote
1752 5482 1775 5531 td
1786 5482 1832 5533 hoc
1842 5483 1894 5534 loen
1902 5485 2008 5538 Julianus
2018 5491 2050 5540 rte

1262 5543 1292 5586 ha
1303 5537 1371 5586 uisroi
1384 5538 1431 5586 ritu
1442 5537 1579 5600 prrnlltetur.
1591 5541 1656 5602 quod
1666 5549 1724 5591 ante
1746 5545 1823 5605 bstou
1845 5546 1957 5610 Pelagius
1972 5552 1997 5599 io
2014 5554 2051 5600 ti-

1261 5599 1294 5647 bo
1306 5597 1328 5647 lo
1349 5597 1404 5647 hlei
1423 5611 1490 5655 suae,
1509 5612 1532 5647 n.
1555 5600 1586 5658 7,
1605 5600 1682 5657 iulrn,
1702 5603 1725 5651 Ιιι
1747 5605 1897 5667 appendice,
1918 5619 1986 5671 porte
2011 5629 2051 5659 se·

1261 5659 1354 5716 enada,
1380 5660 1554 5721 «baptismam
1588 5662 1679 5723 impuit,
1704 5677 1809 5730 anuum
1836 5675 1962 5728 tenemus,
1983 5675 2047 5735 ιμιιιι

1266 5737 1278 5764 ι
1289 5719 1374 5770 iisdem
1385 5722 1528 5769 sacramenti
1540 5723 1622 5771 veritis
1632 5724 1656 5770 io
1673 5723 1816 5785 inauribus,
1833 5730 1923 5790 quihus
1934 5734 2007 5780 etiarn
2025 5736 2048 5781 iu

1267 5781 1417 5842 «nlaioribus
1436 5782 1575 5830 amorinum.
1585 5794 1640 5831 esse
1657 5783 1862 5837 cntehrmdum.»
1882 5792 1939 5840 tide
1951 5793 2009 5841 lteut
2027 5796 2050 5842 io

1263 5841 1413 5948 Appendice,
1426 5841 1450 5889 io
1467 5840 1556 5890 tibullo
1566 5842 1621 5891 lidei
1634 5843 1827 5910 rehgionnrunr,
1840 5850 1896 5914 ob,
1907 5853 1996 5916 scripto
2005 5867 2051 5920 per

1264 5909 1401 6016 tu'mlgggk·
1412 5962 1512 6012 wdone.

1296 6025 1307 6054 ⁸
1323 6023 1389 6075 rditi.
1401 6024 1453 6084 opo
1465 6029 1487 6071 'u
1502 6036 1509 6070 :
1521 6023 1719 6077 dissentientibus
1729 6034 1783 6079 htss.

1295 6083 1305 6116 ¹
1323 6084 1390 6145 teliu,
1402 6083 1491 6136 hoecne.
1511 6092 1576 6142 uss,
1588 6085 1700 6139 ltoerciuo
