4900 6892
390 665 459 724 ηρ
748 633 752 640 ’
1064 665 1164 720 nom
1183 665 1369 725 susumus.
1421 673 1423 676 ·
1956 686 2024 742 pp,

388 792 460 846 riom
475 789 584 860 periisse
597 804 657 844 asse
673 788 702 850 it,
714 786 861 858 arnopmit.
1235 785 1316 842 llulto
1328 789 1411 860 ongis
1423 798 1510 844 autem
1527 791 1552 845 in
1573 806 1619 847 cos
1633 794 1747 851 alnmdat
1765 796 1864 865 gratim
1880 800 1940 868 quia
1958 808 2026 855 teor·

425 884 492 938 huo.
512 881 570 937 lam
595 896 666 950 saepe
684 879 803 934 diximus
825 894 832 931 τ
855 892 908 932 nou
926 877 976 943 ait,
992 877 1099 941 Plures:
1116 879 1179 946 sed,
1234 877 1362 948 poralitcr
1373 895 1420 949 per
1435 879 1530 944 hilam,
1546 883 1641 938 misere
1655 897 1734 955 aterne
1751 888 1899 943 mortaliter
1912 889 2023 956 rirnnt;

389 974 579 1037 uinitorrncc,
600 972 682 1042 lingis
704 970 817 1036 rnrdtos,
839 969 897 1034 scd,
922 969 1004 1039 stragis
1024 969 1160 1025 obtenderit
1172 988 1182 1035 ,·
1235 981 1283 1037 per
1304 967 1438 1023 Christum
1459 985 1523 1025 rero
1546 970 1708 1042 beatissime,
1725 985 1752 1030 et
1773 978 1830 1032 sinc
1854 977 1906 1034 hoe
1927 978 2022 1035 victuri
2080 991 2091 1004 ·

389 1064 514 1134 quomam
535 1062 561 1116 in
580 1070 710 1115 retenmm
735 1060 829 1115 victuri
854 1067 927 1126 sunt,
944 1059 971 1113 in
990 1075 1058 1130 quos
1080 1060 1184 1115 transiit
1234 1067 1306 1112 sunt.
1322 1058 1436 1114 Turbata
1457 1070 1498 1115 cst
1514 1072 1601 1116 vestra
1622 1064 1737 1121 irnentio
1760 1066 1842 1136 :jam
1858 1068 1963 1123 tandem
1981 1067 2023 1124 in·

388 1155 441 1211 rita
453 1154 570 1219 Clrristi;
585 1153 682 1224 quibus
703 1152 736 1206 ad
757 1159 862 1221 tempus
882 1151 971 1205 nocuit
993 1167 1064 1206 mors
1085 1151 1111 1205 in
1135 1166 1182 1206 eos
1234 1149 1318 1204 tentio
1330 1151 1488 1222 corrigatur.

391 1247 523 1302 earisteus
543 1260 591 1313 par
604 1242 688 1298 Adam
705 1261 711 1296 ι
726 1257 790 1297 ecce
808 1240 942 1312 qnonmdo
957 1242 1041 1296 multo
1056 1241 1140 1311 magis
1155 1239 1182 1296 in
1225 1292 1238 1301 ,,
1268 1240 1354 1297 CClll.
1370 1241 1428 1298 lor..
1446 1243 1501 1299 lloc
1510 1260 1606 1316 nempe
1618 1245 1688 1317 qnod
1702 1248 1801 1315 dicitis,
1814 1251 1910 1307 rrtrdtos
1922 1260 1949 1307 et
1960 1269 2025 1324 pau.

390 1354 437 1394 cos
450 1336 594 1392 abundavit
604 1336 698 1406 gratia,
713 1349 792 1406 qnam
808 1341 961 1404 peccatum.
1232 1347 1290 1400 cos,
1307 1334 1340 1389 ad
1364 1336 1537 1404 quantitatem
1553 1337 1682 1394 inlinitum
1698 1341 1832 1410 pertinen
1851 1345 1976 1414 qnoniam
1995 1346 2023 1400 in

405 1426 500 1505 CCV.
517 1426 577 1482 lut.
597 1425 624 1481 Si
641 1423 781 1480 veritatem
794 1422 912 1493 Apostoli
926 1421 1014 1477 rcrbis
1029 1419 1148 1476 vindicas
1159 1421 1181 1486 ¹,
1234 1425 1432 1492 comparatione
1455 1435 1560 1494 mutua,
1583 1436 1628 1483 aut
1646 1430 1787 1487 multitudo
1810 1431 1952 1499 iuvenitur,
1977 1444 2025 1490 aot

391 1535 440 1575 nce
461 1534 522 1573 eum
543 1517 714 1589 impudenter
739 1527 815 1587 pmas
836 1514 918 1570 luisse
940 1515 1099 1578 mentitnm;
1117 1513 1183 1570 doce
1235 1516 1362 1585 paucitas.
1378 1517 1523 1573 Conlercns
1540 1520 1629 1591 itaquo
1645 1521 1714 1579 beris
1732 1524 1892 1582 multitudini
1913 1543 2051 1597 percon-r

390 1610 612 1682 qrrcnradmodum
626 1609 659 1664 dc
674 1609 788 1663 naturali
804 1617 916 1680 peccato
931 1607 1030 1663 dicenti
1050 1606 1106 1661 hnc
1119 1621 1181 1661 sen·
1235 1608 1299 1662 tium
1318 1623 1364 1662 eos
1383 1609 1426 1679 qni
1441 1609 1560 1665 salvandi
1576 1622 1648 1679 srmt,
1667 1629 1767 1684 paucos
1787 1632 1835 1674 eos
1849 1620 1954 1674 roravit
1973 1638 1980 1676 :
2001 1632 2028 1676 et
2047 1605 2050 1614 ’

391 1705 472 1759 tentia
494 1719 546 1758 non
562 1703 672 1757 incutiat
692 1701 803 1771 publice
827 1701 948 1755 falsitatis
963 1699 1101 1770 pudorem.
1116 1697 1181 1754 Nam
1235 1699 1278 1754 hic
1299 1701 1442 1770 uposrotns
1462 1701 1603 1759 conterens
1627 1704 1668 1761 his
1688 1713 1732 1778 qut
1756 1708 1790 1762 ita
1815 1721 1972 1781 peccassent
1996 1724 2028 1768 nt

388 1796 411 1851 si
437 1804 509 1851 esset
530 1792 659 1864 originale
681 1802 834 1867 peccatum,
855 1791 925 1861 quod
949 1806 1056 1845 oannem
1075 1790 1184 1845 ommno
1234 1789 1330 1856 hilam,
1348 1791 1406 1845 illos
1425 1807 1492 1862 qrros
1510 1795 1592 1850 salrat
1609 1794 1707 1854 Christi
1725 1800 1824 1870 gratia,
1840 1804 2027 1873 multoplures

388 1897 510 1942 naturam
528 1886 665 1940 hominum
684 1884 716 1939 ad
735 1885 779 1955 jus
792 1883 891 1938 diaboli
916 1881 1015 1937 laceret
1036 1883 1181 1953 pertinere,
1234 1894 1294 1934 csse
1307 1880 1468 1949 pronuntiat.

387 1979 435 2050 qni
449 1985 506 2033 crat
519 1976 593 2031 locus
611 1975 645 2030 ad
666 1973 884 2044 aeqrriparondum
899 1974 1012 2041 partium
1029 1987 1181 2036 nnrnrrnm,
1269 1971 1336 2026 Auo.
1357 1968 1414 2025 llon
1435 1974 1586 2042 pronuntiat
1607 1975 1707 2045 plnres,
1731 1979 1779 2035 scd
1803 1981 1911 2037 multos.
1932 1982 2034 2043 Gracco¹

383 2084 482 2124 eornm
501 2065 625 2121 videlicet
639 2065 683 2135 qui
700 2065 845 2128 satrannn,
859 2071 885 2117 ct
905 2063 1010 2117 illorum
1031 2062 1075 2133 qni
1096 2061 1181 2116 inter·
1233 2057 1335 2112 locutus
1347 2068 1398 2121 cst.
1410 2067 1507 2123 πολλοὺς
1520 2061 1595 2129 dixit,
1609 2080 1661 2119 uon
1674 2076 1812 2131 obterere:
1828 2070 1897 2141 tege,
1912 2084 1940 2128 ct
1953 2083 2023 2130 hace.

382 2160 475 2215 enm?
498 2156 526 2213 ln
551 2157 694 2228 Evangelio
714 2155 842 2210 bantinus
860 2170 921 2209 eum
935 2154 1072 2210 heatornm
1090 2164 1182 2209 osten·
1268 2146 1366 2203 CCl'll.
1380 2149 1439 2204 luc.
1452 2150 2024 2232 hsscrecrgoboopcccatoblauiclneorum,

377 2250 463 2307 deret
476 2250 610 2304 raritatem
623 2265 630 2304 :
644 2248 803 2315 Quernarrto
814 2256 836 2300 et
847 2255 963 2317 ungusta,
972 2245 1066 2314 inquit,
1076 2245 1115 2299 oio
1127 2260 1183 2315 pttoe
1234 2240 1259 2295 id
1274 2249 1324 2307 cst,
1342 2242 1458 2298 traducis
1468 2247 1623 2303 comcnire.

375 2340 458 2393 ducit
469 2339 504 2393 orl
516 2338 602 2405 nitnnr,
618 2347 639 2391 et
655 2339 798 2407 poucirnnt
813 2336 856 2406 pai
872 2336 1001 2390 irroeninnt
1020 2335 1093 2389 ecrit!
1107 2351 1183 2405 prom
1268 2331 1336 2386 duo.
1358 2332 1484 2390 Doctores
1494 2335 1627 2402 catholici,
1643 2355 1695 2394 non
1709 2340 1845 2398 blauicltaei
1859 2345 2025 2417 deceptores,

373 2430 440 2484 tota
454 2439 477 2484 et
489 2429 600 2500 spatioso
614 2429 654 2482 rio
670 2442 726 2499 qrtoe
743 2427 813 2481 ducit
829 2425 862 2480 od
874 2425 1056 2497 perditionem,
1072 2437 1096 2478 et
1108 2423 1181 2477 nrnlti
1233 2420 1358 2476 dixerunt
1375 2439 1468 2480 omnes
1487 2428 1512 2480 in
1528 2427 1612 2483 eldam
1629 2446 1773 2498 peccasse:
1790 2434 1827 2488 illi
1843 2434 1893 2491 hnc
1902 2436 2027 2495 dixerunt

370 2530 447 2576 crint
461 2522 505 2591 qni
516 2521 612 2574 intrent
625 2535 669 2591 prr
680 2534 734 2572 eom
746 2515 851 2591 (lletth.
865 2531 913 2579 vn,
932 2515 964 2570 lb
973 2524 996 2568 et
1013 2515 1077 2583 lli!
1234 2511 1279 2580 qut
1294 2511 1481 2569 intellexerunt
1495 2515 1661 2586 Apostolum,
1676 2521 1747 2591 qrrod
1761 2539 1808 2579 ros
1821 2528 1922 2596 negaris
1935 2539 2026 2585 contra

421 2615 492 2669 Auo.
506 2612 563 2666 lloc
577 2619 619 2666 est
632 2624 684 2680 quo
696 2622 792 2663 sensus
803 2606 853 2662 iste
866 2614 954 2661 vester
963 2612 1100 2671 evertitur,
1115 2617 1185 2673 qno·
1235 2601 1402 2670 Apostolum.
1413 2604 1482 2676 Ergo
1492 2614 1519 2660 ct
1531 2623 1579 2663 vos
1588 2608 1745 2680 deceptores
1758 2614 1823 2670 estis
1836 2633 1844 2670 r
1858 2625 1885 2671 et
1898 2634 1945 2674 ros
1954 2621 2026 2676 civim
2061 2664 2063 2669 .

367 2704 461 2758 niam
483 2702 559 2773 pauci
578 2709 640 2756 sunt
653 2701 697 2771 qui
721 2699 865 2763 sileantur,
888 2697 914 2751 in
929 2711 1022 2751 corum
1041 2710 1181 2765 compara·
1235 2692 1305 2747 sicut
1316 2692 1464 2759 ldanicbaei,
1479 2696 1525 2750 sed
1538 2698 1645 2754 direrso
1657 2702 1760 2771 morbo,
1773 2704 1902 2762 insanitis.

371 2797 462 2851 tione
484 2794 529 2863 qui
550 2800 682 2864 pereunt:
698 2805 759 2844 nam
780 2789 837 2844 sine
854 2788 962 2842 illorum
984 2785 1184 2856 comparatione
1269 2785 1379 2842 CCl'lll.
1394 2786 1454 2842 luc.
1473 2788 1538 2844 Nam
1556 2793 1577 2846 si
1589 2792 1799 2864 universitatem,
1811 2813 1891 2869 quant
1907 2774 2037 2859 iocundi-³

370 2901 434 2956 per
457 2900 487 2940 sc
504 2884 576 2955 ipsos
597 2883 677 2937 etiam
696 2880 745 2949 ipsi
768 2878 843 2933 multi
863 2885 948 2942 svrnt;
971 2891 1064 2930 eorum
1085 2874 1183 2945 quippe
1234 2883 1276 2931 tas
1290 2876 1404 2932 humana
1419 2881 1537 2948 protulit,
1549 2898 1631 2954 regno
1647 2885 1745 2941 diaboli
1758 2901 1894 2957 peccatum
1907 2896 2028 2952 naturale

377 2957 587 3034 multitudinem
613 2974 677 3029 dicit
694 2970 868 3044 Apocalypsis
885 2983 1025 3024 numerare
1046 2967 1181 3024 nemiuem
1236 2969 1415 3040 transcripsit,
1436 2980 1463 3026 et
1482 2972 1542 3027 inde
1557 2973 1582 3028 in
1597 2986 1715 3033 extrema
1738 2987 1816 3034 astate
1831 2984 1921 3039 mundi
1943 2986 2025 3058 oliqni

374 3085 471 3141 posse
485 3068 576 3143 (Aper.
588 3083 636 3134 ru,
650 3065 689 3139 9).
703 3065 766 3121 ldeo
780 3063 878 3119 l‘aulus
891 3063 913 3117 si
935 3078 982 3118 eos
1002 3078 1053 3117 non
1069 3061 1180 3128 multos,
1234 3057 1338 3113 liberati
1353 3076 1400 3130 per
1412 3059 1546 3118 Christum
1565 3075 1707 3134 paulutum
1720 3085 1780 3140 quoe
1793 3073 1892 3128 veritas
1906 3083 1962 3142 est,
1980 3087 2027 3134 out

368 3161 434 3217 sed
448 3160 538 3232 piures
551 3158 670 3222 dixisset,
687 3172 738 3211 non
751 3169 891 3226 possemus
903 3167 950 3208 cos
967 3153 1056 3208 dicere
1068 3151 1178 3222 paucio-
1234 3163 1294 3218 qrvac
1309 3153 1453 3206 auctoritas
1469 3153 1527 3223 ejns
1543 3155 1671 3225 magistri,
1687 3160 1732 3227 qui
1746 3172 1839 3217 eornm
1855 3174 1908 3218 rap,
1922 3166 2024 3222 erp-pp„

368 3265 450 3316 res3
472 3251 582 3308 uerbum
600 3249 671 3302 enim
694 3245 900 3316 conrparationis
918 3252 973 3309 est,
987 3243 1076 3312 plures
1090 3259 1095 3295 :
1110 3240 1181 3313 qnod
1236 3240 1416 3296 testimonium
1434 3244 1514 3298 totius
1530 3246 1630 3312 nrurrdi,
1651 3247 1715 3302 dicit
1739 3251 1766 3305 in
1788 3253 1877 3322 plures
1895 3255 2024 3326 justitiam

368 3344 499 3399 verbnm
513 3355 561 3395 ros
576 3338 733 3410 supponitis,
745 3352 797 3391 non
814 3334 956 3405 Apostolus
966 3333 1050 3403 ponit.
1066 3332 1120 3387 Sed
1133 3347 1184 3388 uec
1234 3329 1384 3386 abundasse
1406 3346 1486 3402 quaro
1501 3334 1626 3405 culpam?
1639 3335 1707 3405 Quid
1728 3354 1792 3410 ergo
1816 3341 1840 3396 ei
1863 3345 1981 3400 creditur
1993 3345 2027 3402 do

368 3434 425 3488 sic
441 3431 517 3487 robis
527 3431 595 3486 ratio
605 3427 738 3485 constabit
752 3444 758 3480 :
771 3436 858 3482 restra
869 3425 967 3495 qnippe
978 3424 1022 3477 ilta
1038 3422 1181 3491 imitatio¹,
1235 3420 1362 3476 involutis
1373 3422 1540 3492 dogmatibus
1553 3424 1705 3492 disserenti,
1721 3429 1744 3484 si
1756 3429 1790 3486 de
1803 3432 1881 3489 rebus
1895 3444 1947 3489 tarn
1967 3451 2022 3505 per·

369 3541 470 3597 qnam
490 3523 566 3579 vobis
588 3520 713 3577 videmini
730 3519 803 3574 velot
825 3524 901 3572 acvtc
921 3516 1073 3577 invenisse,
1090 3521 1183 3568 contra
1235 3513 1334 3583 spicuis
1352 3514 1510 3570 mentiatur?
1520 3517 1596 3583 Quod
1611 3519 1672 3587 quia
1686 3522 1785 3577 sentire
1802 3525 1959 3596 sacrilegum
1972 3538 2024 3589 cst,

367 3617 532 3674 verborum
554 3613 761 3684 apostolicorum
781 3608 956 3665 clarissimam
975 3606 1132 3670 veritatem,
1153 3613 1183 3660 ut
1236 3602 1263 3657 id
1276 3613 1364 3659 autem
1377 3603 1619 3675 dicidogmatuum
1634 3611 1777 3679 compulit,
1794 3612 2024 3686 bonorehpostoh

370 3711 440 3764 riou
457 3722 505 3778 per
517 3704 727 3777 generationem,
742 3699 789 3755 sed
808 3714 856 3769 per
877 3696 1070 3762 imitationem,
1086 3710 1182 3766 pecca·
1234 3693 1440 3750 Haniclrtoorum
1453 3697 1540 3754 vtttns
1550 3709 1714 3755 conteratur.
2015 3698 2024 3721 ¹

370 3798 481 3857 tores¹
495 3812 590 3853 omrrcs
609 3795 642 3851 ad
656 3803 792 3867 peccatum
817 3791 894 3862 prium
915 3789 1032 3845 hominis
1049 3788 1183 3860 pertinere
1270 3787 1338 3843 Auo.
1366 3785 1420 3842 las
1438 3789 1526 3858 patius
1548 3791 1687 3860 perspicua
1711 3794 1832 3851 nubilare
1853 3801 2025 3870 contenditis,

365 3889 543 3956 credantur,
559 3889 642 3942 multo
657 3887 747 3957 plnres
767 3883 845 3938 unius
864 3881 972 3948 delicto,
995 3880 1038 3937 rel
1059 3880 1093 3936 ob
1105 3879 1182 3936 unius
1234 3892 1286 3932 non
1298 3878 1384 3933 solum
1398 3893 1451 3933 non
1464 3878 1638 3952 intelligendo
1650 3884 1720 3953 qrrod
1734 3889 1879 3956 Apostolus
1892 3891 1967 3958 dixit,
1980 3908 2028 3950 ve·

363 3982 528 4048 delictum,
540 3980 628 4050 perire
640 3977 765 4042 affirmat,
781 3990 860 4047 quam
876 3974 960 4045 gratia
974 3972 1052 4027 unius
1065 3969 1182 4026 hominis
1235 3982 1294 4022 rum
1318 3969 1401 4025 etiam
1428 3968 1554 4025 mutando
1576 3980 1603 4027 ct
1624 3977 1800 4045 supponendo
1819 3979 1891 4048 prrad
1910 3982 1955 4037 ille
1974 3999 2027 4038 non

361 4068 451 4131 lesu
466 4070 567 4129 Christi
581 4068 697 4124 liberari.
709 4069 775 4136 eris
786 4066 857 4121 enirn
872 4061 945 4119 nori*
964 4061 1069 4124 rideat.
1084 4074 1179 4130 recea-
1234 4059 1311 4114 dixit.
1325 4060 1418 4116 Plures
1430 4063 1501 4117 enirn
1515 4080 1567 4118 mm
1581 4064 1647 4120 dixit
1662 4066 1715 4131 ille,
1729 4069 1776 4124 sed
1790 4072 1886 4126 orultos
1903 4090 1909 4126 :
1926 4075 1971 4145 qui
1987 4086 2028 4130 ta·

364 4170 463 4221 tores
477 4162 566 4234 plures
578 4174 647 4224 esse,
661 4173 740 4230 eruam
752 4157 859 4227 justos?
872 4169 938 4225 piros
950 4163 1113 4223 peccatores,
1128 4167 1182 4207 nou
1235 4165 1297 4205 trien
1319 4151 1411 4218 multi,
1431 4154 1506 4222 pauci
1529 4154 1712 4222 imeninntur,
1732 4161 1837 4228 qnnrrdo
1858 4166 2028 4230 percuntibus

359 4258 503 4328 nuperos,
523 4252 570 4309 sed
584 4265 690 4316 omnes,
706 4264 758 4303 non
773 4247 880 4319 quidem
903 4260 949 4316 per
965 4243 1181 4315 generationem,
1235 4249 1432 4311 comparantur.
1452 4244 1641 4312 Calumniose,
1665 4246 1801 4314 lroutosc,
1827 4254 1950 4322 verbose,
1976 4258 2028 4313 hnc

357 4346 433 4403 sed
451 4355 539 4399 tamen
555 4356 602 4411 per
615 4340 802 4401 imitationem,
816 4337 848 4390 ad
863 4337 941 4390 unius
953 4335 1080 4390 delictum
1094 4333 1183 4391 dicitis
1234 4329 1301 4384 dixit
1317 4331 1470 4399 Apostolus,
1488 4332 1557 4403 quod
1578 4334 1708 4389 intellexit
1724 4338 1890 4406 Ambrosius,
1906 4343 1951 4413 qni
1971 4362 2026 4401 non

360 4438 537 4507 pertinuere.
551 4432 603 4488 Sed
623 4431 675 4486 etsi
688 4444 740 4484 noo
761 4443 855 4484 omnes
868 4436 1032 4497 peccatores,
1054 4424 1101 4481 scd
1123 4435 1182 4481 tan·
1235 4432 1293 4477 crat
1309 4420 1471 4477 blanichous
1489 4440 1496 4476 :
1512 4422 1606 4478 Ontncr
1625 4425 1738 4482 homines
1757 4429 1803 4483 roh
1822 4444 1923 4500 peccam
1944 4438 2029 4493 omri·

362 4537 445 4589 {nin
463 4527 681 4601 prevaricatores
696 4523 771 4593 legis,
790 4530 899 4591 peccato
912 4518 989 4589 primi
1005 4517 1121 4572 bominis
1135 4532 1183 4588 per
1235 4530 1301 4580 turn,
1315 4531 1422 4584 quorrmr
1445 4514 1499 4583 ipre
1510 4527 1580 4571 ortuo
1592 4517 1619 4570 in
1633 4519 1692 4573 uitio
1705 4528 1742 4574 est
1757 4519 1931 4593 (Arnhrorirtr,
1951 4528 2021 4586 titt

361 4618 547 4680 imitationis
562 4615 697 4671 vinculum
712 4611 808 4669 dicatis
826 4612 964 4674 astrictos;
978 4609 1057 4665 etiam
1073 4609 1129 4676 sic,
1150 4624 1183 4664 ex
1236 4605 1268 4658 de
1279 4603 1438 4668 l‘oenitentio,
1455 4623 1513 4677 cop.
1528 4607 1546 4662 9
1560 4609 1599 4662 vel
1617 4610 1655 4681 3).
1672 4610 1741 4666 liudi
1756 4612 1840 4682 (sieut
1858 4630 1919 4671 cum
1934 4617 2025 4674 landa·

350 4728 441 4787 qno
457 4713 502 4767 tex
517 4710 561 4765 [tei
576 4706 733 4779 permultas
744 4713 837 4775 gentes
856 4702 1027 4772 predicatum
1044 4715 1119 4770 mom
1131 4699 1184 4753 toto
1235 4697 1271 4750 vit
1287 4698 1412 4766 magister
1425 4700 1496 4767 tuus)
1512 4698 1604 4756 liorem
1619 4702 1768 4770 speciosum
1777 4720 1789 4768 ·;
1803 4713 1830 4760 et
1842 4705 1876 4761 dc
1890 4714 1936 4762 tuo
1947 4709 2029 4767 eorda

359 4818 405 4863 et
427 4805 547 4876 spatioso
563 4803 604 4855 oio
619 4810 665 4867 cst,
688 4812 744 4867 qno
762 4794 830 4850 ducit
850 4793 884 4848 od
901 4794 1044 4857 interitum,
1067 4801 1091 4846 et
1111 4791 1185 4847 multi
1235 4786 1313 4840 istan
1326 4787 1462 4856 spinarum
1482 4787 1689 4857 deformitatem,
1704 4791 1805 4848 lrocest
1820 4793 1889 4851 foeda
1903 4800 2027 4854 acumina

359 4897 610 4968 praevaricatores
628 4890 807 4964 ingrediuntur
823 4900 868 4959 per
884 4885 974 4940 ilioni!
990 4902 1065 4956 pirum
1078 4893 1149 4938 arcto
1160 4892 1184 4938 et
1236 4878 1363 4948 inproba
1376 4880 1566 4946 contentionis,
1582 4882 1677 4937 crolle.

357 5000 498 5063 uniquam
517 4988 557 5042 nio
571 4994 608 5041 ert
621 4999 678 5056 quie
692 4981 762 5037 derit
779 4977 814 5033 od
833 4977 920 5043 niman
940 4988 962 5030 et
977 4976 1053 5048 ponci
1065 4982 1123 5029 runt
1140 4973 1184 5044 qui
1271 4967 1359 5023 CClll.
1374 4969 1432 5024 lun.
1454 4969 1511 5025 Non
1526 4971 1654 5027 mentitur
1665 4973 1806 5044 Apostolus
1822 4993 1829 5031 ε
1843 4993 1907 5048 ergo
1922 4979 1949 5034 in
1972 4978 2040 5050 plu·'

357 5079 520 5139 irrreniont
530 5077 605 5133 eonii
618 5075 644 5131 in
663 5070 863 5142 comparatione
879 5068 969 5138 utique
983 5065 1126 5120 multorum
1139 5063 1184 5134 qui
1236 5075 1280 5116 res
1296 5059 1440 5114 aburrdavit
1453 5059 1550 5115 Christi
1564 5062 1659 5132 gratia,
1675 5080 1754 5133 otram
1768 5065 1835 5122 Adae
1847 5069 1936 5140 culpa,
1950 5070 2029 5144 cujus

362 5144 520 5242 pereant,
532 5169 635 5225 etiamsi
648 5165 740 5238 paneis
756 5163 800 5233 qni
816 5161 973 5224 liberantur,
985 5167 1011 5213 et
1024 5154 1126 5226 parvuli
1139 5153 1184 5225 ord
1237 5151 1384 5206 imitatione
1398 5150 1525 5206 dicuntur
1543 5166 1670 5223 peccasse
1687 5155 1732 5224 qui
1752 5155 1803 5212 sub
1823 5157 1882 5228 lege
1903 5174 2030 5230 peceare·

360 5263 518 5338 baptizati
528 5260 677 5316 moriuntur
687 5257 828 5312 addantur.
842 5250 982 5319 Quomodo
994 5264 1058 5320 crgo
1069 5249 1184 5318 Aposto·
1237 5251 1297 5296 tuot
1311 5258 1318 5295 :
1339 5241 1388 5296 sub
1403 5241 1460 5312 lege
1473 5252 1561 5298 autem
1576 5244 1704 5315 usquead
1717 5244 1852 5300 Christum
1865 5245 1951 5304 ludat
1972 5263 2031 5309 tarr·

360 5352 427 5414 lus
443 5355 566 5419 diceret,
581 5350 662 5406 ltulto
677 5347 760 5419 arrigis
782 5346 865 5417 gratia
889 5342 935 5398 bet
949 5342 976 5397 in
996 5340 1086 5411 plures
1099 5339 1185 5392 abnn-
1238 5332 1375 5388 turrirnodo
1395 5332 1574 5404 deliquerunt.
1594 5330 1693 5389 Conlcr
1705 5349 1769 5405 ergo
1782 5334 1920 5396 iudaicam
1941 5341 2032 5400 natio·

361 5445 484 5505 davit?
499 5444 571 5517 quud
586 5459 633 5500 vos
644 5440 746 5508 dicitis,
761 5439 807 5495 illc
817 5446 870 5492 non
884 5436 951 5492 dixit
966 5453 972 5489 :
988 5433 1036 5489 sed
1047 5431 1092 5487 ille
1106 5430 1184 5498 dixit,
1238 5426 1400 5490 nemsolam,
1411 5425 1534 5496 perlecto
1546 5423 1766 5482 duntaxataetatis
1775 5428 1825 5484 sub
1834 5428 1893 5503 lege
1905 5433 2031 5504 positam,

366 5538 478 5596 Natta
487 5535 568 5608 oropo
581 5533 716 5589 abundauit
727 5531 754 5586 in
766 5530 876 5594 multon
890 5528 950 5598 quia
967 5526 1047 5580 ctiam
1067 5522 1111 5595 qui
1129 5518 1185 5576 sal·
1237 5526 1264 5572 ct
1280 5531 1327 5586 per
1341 5515 1390 5571 hoc
1403 5518 1429 5570 in
1444 5514 1645 5572 similitudinem
1659 5516 1883 5587 praevaricationis
1896 5523 1961 5580 uda
1969 5538 2031 5594 pec·

366 5641 499 5696 vamur,
516 5638 544 5684 ut
556 5627 611 5700 jaro
630 5626 728 5681 dietum
745 5631 796 5688 est,
810 5621 836 5675 in
853 5616 1053 5689 comparatione
1065 5625 1182 5686 pereun-
1238 5616 1354 5668 caruem,
1369 5606 1413 5676 qni
1428 5615 1536 5677 accepta
1549 5606 1608 5676 iege
1619 5608 1749 5678 peccarit,
1764 5611 1841 5668 aede
1862 5610 2031 5668 ntultitudioc

371 5726 460 5781 unm
483 5721 576 5794 pauci:
591 5721 649 5775 sine
667 5712 866 5785 comparatione
885 5723 974 5767 arrrem
998 5709 1113 5771 illorum,
1133 5712 1185 5761 tarn
1239 5706 1391 5754 vocatarum
1413 5697 1532 5768 genitium
1560 5712 1608 5767 per
1630 5698 1847 5768 pradicationem
1867 5698 2030 5780 Evangelii,

310 5874 313 5880 ,
371 5815 472 5871 nvrrltl
486 5823 558 5877 sunt,
574 5822 602 5867 ut
622 5825 668 5866 eos
687 5806 826 5879 quisquam
847 5816 989 5857 numerare
1013 5814 1065 5855 non
1088 5792 1184 5870 possit.
1239 5805 1331 5848 earum
1344 5789 1425 5845 millia
1436 5789 1481 5860 qui
1489 5789 1581 5860 gratius
1593 5800 1655 5845 suot
1665 5791 1823 5848 liberalitate
1832 5791 1924 5848 salvati
1937 5809 1944 5844 :
1956 5791 2033 5848 tuncss

430 5928 487 5976 *ste
498 5931 550 5974 ttss.
562 5921 730 5979 ttttcuardus,
742 5919 813 5967 rerba
828 5912 944 5964 indicent.
958 5913 1101 5977 tignicrius,
1115 5908 1187 5963 amon
1239 5902 1291 5956 ‘lde
1311 5883 1442 5955 Ῑῐῐῑθῃῑὲθθ
1459 5886 1607 5953 ³P⁰S¹⁰¹¹¹¹¹¹
1622 5883 1731 5940 Paulum
1749 5899 1812 5940 '0¹0
1835 5883 2032 5955 Ρῐθΰῦῐῐῑῑὶὸδθ,

378 5985 532 6037 tenebant.
1240 5976 1272 6030 ad
1289 5975 1378 6044 plnms
1390 5973 1501 6044 gratiam
1517 5974 1564 6030 lici
1579 5985 1606 6030 et
1618 5975 1717 6030 riarium
1730 5976 1736 6006 ¹
1752 5972 1816 6030 lesu
1828 5972 1927 6031 Christi
1938 5992 2034 6051 perre-

433 6051 441 6079 ¹
453 6056 476 6096 tn
489 6048 569 6104 editis,
581 6042 721 6096 inritatione,
733 6038 862 6089 urendose.
1232 6056 1234 6061 ·

433 6110 545 6158 tamus.
562 6108 778 6168 eutropeceatons.
1330 6155 1353 6164 Ἰ
1476 6151 1481 6163 Ι
1573 6138 1575 6143 ,

434 6172 565 6220 *t‘artirula
577 6179 670 6229 negans
678 6167 717 6214 hic
728 6163 840 6212 restituta
856 6174 878 6208 ·r
893 6170 944 6209 uss
1279 6158 1286 6186 ¹
1297 6156 1363 6211 edati,
1376 6159 1398 6202 rt
1414 6162 1516 6214 noratur,
1528 6161 1649 6216 corrupte.
