4900 6892
429 716 498 774 1501

426 840 615 896 tantummodo
628 851 688 897 est:
704 850 731 897 at
742 832 799 897 time
810 842 880 914 quod
893 857 946 898 nou
956 843 1058 909 lecerit,
1071 858 1125 898 non
1137 852 1224 913 potest

427 928 528 988 babere
539 942 687 1002 peccatum.
699 933 898 988 irrefutabiliter
911 949 974 1005 orgo
987 933 1085 989 dictum
1099 942 1149 998 est,
1161 934 1223 1002 quia

425 1036 478 1094 per
496 1038 564 1091 opus
579 1023 623 1078 θοι
639 1038 706 1095 opus
721 1024 817 1079 diaboli
834 1025 947 1080 transire
964 1041 1015 1080 nou
1039 1026 1144 1080 sinitur.
1163 1023 1221 1079 Nou

425 1112 518 1165 miuus
527 1120 614 1167 autcru
626 1112 723 1167 salsum
734 1124 773 1168 est
784 1130 862 1183 quatu
874 1114 1024 1183 profanum,
1040 1113 1111 1183 quud
1121 1112 1219 1175 dixisti,

428 1218 439 1254 ι
455 1202 530 1272 Opas
541 1204 629 1272 operis
639 1205 684 1259 θοι
697 1206 789 1259 transit
801 1220 927 1275 peropus
938 1206 995 1260 θοι.
1010 1223 1020 1256 ι
1033 1205 1089 1260 lluc
1100 1214 1140 1258 est
1150 1205 1221 1259 eniut

425 1290 528 1357 dicere,
549 1295 864 1365 recensendisque
887 1297 1004 1364 peccarit
1025 1296 1116 1361 ltouro,
1141 1311 1219 1365 quent

426 1380 490 1437 lecit
507 1384 585 1438 licus.
602 1383 666 1436 Nam
681 1385 749 1439 sicut
762 1400 892 1454 nusquam
908 1394 1110 1454 caperratum,
1128 1386 1178 1439 uisi
1194 1385 1219 1438 iu

424 1487 509 1542 opere
529 1472 659 1538 itomiuis;
682 1490 768 1544 neque
792 1477 943 1530 enimcum
966 1478 1115 1545 peccaverit
1129 1476 1218 1540 butun,

423 1564 526 1636 aliquid
541 1565 694 1620 sttbstantiur
708 1567 767 1635 eius
780 1567 896 1633 additur,
911 1575 939 1621 ut
953 1579 1089 1636 peccatum
1104 1568 1138 1621 ibi
1151 1568 1219 1622 etui-

425 1672 492 1711 uere
504 1657 643 1720 rideatur,
660 1658 706 1711 sed
718 1659 901 1712 tautummodo
916 1660 1013 1712 utalum
1024 1673 1090 1727 opus
1102 1659 1136 1713 de
1149 1659 1219 1712 tuala

423 1751 562 1806 voluntate
575 1750 763 1816 catuntissum,
777 1750 814 1804 illi
830 1765 963 1821 quoquqa
979 1766 1031 1820 quo
1046 1749 1143 1804 lactum
1158 1758 1218 1816 est,

422 1853 563 1914 comparat
575 1843 697 1900 meritum
712 1843 822 1909 malum,
840 1853 867 1897 ιιι
880 1843 966 1896 nutius
975 1841 1079 1896 dicatur
1092 1843 1137 1911 qui
1150 1843 1218 1895 tuala

422 1933 507 1990 licit:
530 1935 565 1990 ita
586 1934 665 1989 etiam
686 1933 755 1989 Deus
775 1943 845 1999 tuns,
864 1933 887 1987 si
906 1933 1005 1986 malum
1026 1933 1051 1986 in
1069 1946 1151 2002 opere
1169 1946 1218 1986 suo

423 2002 489 2079 lecit
500 2065 508 2090 ,
521 2025 586 2079 nibil
600 2024 706 2095 quidem
719 2023 874 2079 substantie
887 2023 945 2091 ejus
960 2023 1072 2088 accedit,
1088 2024 1156 2077 sicut
1170 2037 1219 2077 uec

423 2114 540 2170 bontiuis
550 2132 558 2180 3
570 2125 657 2170 tamen
671 2114 794 2169 meritum
807 2115 831 2169 ei
843 2113 1068 2168 deformissimum
1080 2129 1218 2183 compara-

421 2213 485 2272 tur,
500 2214 528 2258 ut
541 2205 627 2259 malus
647 2204 717 2259 male
732 2203 852 2259 faciendo
867 2205 979 2259 dicatur.
1003 2204 1134 2259 Parrulus
1153 2219 1217 2258 sane

419 2298 550 2366 probatur
564 2298 643 2352 etiam
661 2308 723 2352 tuuc
741 2312 803 2352 reus
824 2314 876 2359 uon
894 2312 963 2362 csse,
986 2298 1046 2366 quia
1062 2297 1217 2350 malitiama

419 2388 574 2443 necessario
585 2388 664 2443 babet
676 2429 684 2454 ,
696 2403 774 2458 qaam
785 2387 836 2442 nisi
847 2387 993 2443 diabolusa
1006 2386 1124 2456 possibili
1135 2386 1218 2441 lrabe-

416 2487 482 2540 ret,
499 2494 559 2533 rens
574 2493 634 2534 esse
649 2495 700 2532 nou
715 2488 814 2547 posset.
837 2478 906 2533 bens
920 2486 1008 2532 autom
1022 2478 1067 2547 qni
1081 2492 1159 2531 verus
1176 2485 1218 2530 est

415 2569 647 2631 Cluistiuuururu,
668 2570 766 2622 malunt
784 2583 839 2623 uon
861 2568 942 2624 lacit:
966 2569 1091 2636 parvulus
1112 2581 1217 2637 quoquc

415 2668 482 2713 anti>
508 2656 621 2726 proprie
637 2657 780 2711 voluntatis
802 2656 940 2711 arbitrium
960 2656 1025 2710 uiltil
1051 2655 1140 2722 babet,
1165 2656 1216 2709 uisi

414 2747 491 2818 quiid
510 2748 536 2800 in
553 2762 585 2801 co
601 2747 662 2801 lecit
684 2749 766 2802 Deus.
789 2747 913 2802 Naturale
932 2748 1012 2817 igitur
1034 2747 1134 2801 nullum
1157 2761 1216 2801 esse

415 2847 558 2909 peccatum
573 2846 668 2904 potest.
691 2838 742 2892 Sed
762 2839 885 2907 quonium
909 2839 1096 2893 sollicitissime
1113 2837 1215 2906 antiqui

415 2927 521 2984 erroris
535 2937 609 2981 antra
626 2930 796 2998 prorupimus
811 2930 836 2993 ¹,
852 2930 1056 2998 necquidquam
1072 2926 1215 2996 superbae

417 3019 568 3090 quaestione
582 3019 713 3072 oecultum
735 3019 863 3071 reumusit
877 3035 884 3070 ι
902 3027 991 3072 teneat
1005 3017 1089 3071 lectur
1101 3016 1214 3086 diligens

415 3109 617 3167 distinctionem
636 3110 779 3164 necessarii
795 3121 874 3179 atque
888 3110 1040 3179 possibilis;
1055 3119 1082 3164 ct
1095 3126 1147 3163 uun
1162 3111 1213 3163 mi-

416 3217 472 3257 nus
485 3202 687 3257 llauicbaeorum
700 3242 707 3270 ‚
722 3216 801 3271 quam
814 3200 1042 3256 Traducianorum
1063 3208 1213 3255 cornuteuta

416 3293 528 3350 ridebit.

455 3385 524 3441 Aca.
544 3384 621 3454 dpud
634 3385 756 3440 immines
770 3385 813 3454 qui
827 3400 857 3439 eu
871 3400 930 3453 qum
945 3385 1046 3453 legunt,
1062 3383 1101 3438 sic
1115 3382 1213 3437 intelli-

414 3485 495 3547 gunt,
516 3486 544 3531 ιιι
561 3477 640 3530 οιιιιιι
660 3477 708 3531 ista
723 3476 858 3547 quardicis
878 3476 1036 3545 intelligant,
1058 3474 1123 3528 uibil
1137 3474 1213 3541 egisti

416 3566 502 3628 aliud,
517 3565 610 3622 eadem
622 3581 668 3635 per
680 3566 774 3622 cadem
788 3575 859 3620 tanta
870 3566 1044 3636 perplexitate
1057 3563 1212 3633 repetendo,

417 3657 471 3712 nisi
482 3666 510 3713 ιιι
520 3666 545 3712 te
555 3666 695 3728 appareret
708 3657 909 3726 responsionem
922 3665 1040 3711 nostram
1053 3657 1078 3710 iu
1091 3671 1142 3710 uuo
1154 3670 1214 3711 meo

417 3746 505 3813 libro,
520 3762 599 3817 quern
615 3747 665 3802 tuis
686 3756 747 3802 octo
764 3746 886 3803 refellere
901 3748 1054 3817 suscepisti,
1076 3761 1136 3801 cum
1156 3747 1213 3802 dis·

417 3838 524 3893 mulsere
545 3853 597 3892 uon
621 3838 735 3900 valeres,
758 3838 902 3892 obscurare
921 3839 1047 3893 soluisse.
1073 3838 1151 3907 dpttd
1165 3854 1212 3894 eos

417 3938 509 3985 autem
531 3929 576 4000 qui
591 3929 648 3984 bare
665 3945 718 3985 nou
733 3929 897 4000 intelligunt,
913 3930 938 3984 id
954 3930 1030 4000 egisti
1052 3931 1158 3994 saltem,
1183 3939 1213 3983 ut

418 4020 480 4077 idco
493 4031 521 4076 te
538 4029 631 4091 putent
650 4020 748 4075 dixisse
766 4019 880 4090 aliquid,
896 4020 1020 4089 quoniam
1037 4035 1089 4072 uon
1113 4020 1212 4074 intelli·

417 4110 586 4182 gentlinde
603 4109 718 4166 breviter
739 4109 897 4165 admouendi
912 4118 973 4164 sunt
992 4109 1096 4163 interim
1115 4109 1149 4164 de
1162 4108 1214 4165 boc

418 4200 491 4256 uude
510 4215 581 4256 nuuc
602 4201 706 4271 agitur,
728 4211 757 4255 ιιι
781 4200 845 4255 illud
864 4201 949 4270 ipsum
973 4215 1077 4263 uicum,
1103 4201 1213 4254 remotis

418 4292 524 4347 nebulis
542 4299 594 4346 tear
607 4291 790 4362 loquacitatis,
805 4291 948 4362 aspiciant,
964 4302 992 4345 ct
1014 4291 1119 4345 rideant
1133 4306 1212 4361 quant

416 4383 451 4439 sit
468 4382 605 4437 invictum.
620 4381 659 4436 Tu
680 4383 750 4437 euiur
768 4380 874 4436 dixeras
888 4399 894 4435 :
909 4401 918 4432 t
932 4381 959 4436 st
980 4390 1074 4436 nutum
1087 4395 1155 4450 opus
1172 4388 1214 4436 cst

415 4472 477 4539 bet,
486 4488 609 4545 peropus
619 4473 846 4543 Deiopusdiaboli
855 4473 967 4527 transire
975 4489 1026 4527 uou
1035 4472 1140 4527 sinitur.
1153 4472 1213 4525 »dd

412 4562 469 4625 hae
477 4579 543 4636 ego·
556 4565 638 4632 ‹Quid
646 4575 687 4621 est
695 4565 764 4634 quod
772 4565 844 4629 dicit,
852 4583 861 4615 ι
870 4565 1002 4633 iaqumu«
1013 4563 1039 4618 Si
1048 4573 1213 4632 naturaopus

413 4664 458 4711 est
470 4655 529 4721 θοι,
537 4670 584 4726 per
594 4670 661 4725 opus
670 4656 715 4710 liei
726 4670 793 4725 opus
805 4655 901 4708 diaboli
913 4657 1025 4710 transire
1036 4669 1088 4711 nou
1100 4654 1213 4709 sinitur?

410 4744 511 4801 Νυιιιιο
526 4760 593 4815 opus
607 4746 725 4812 diaboli,
741 4745 846 4817 quaudo
862 4746 887 4799 iu
899 4746 1005 4816 angelo,
1020 4747 1064 4817 qui
1077 4746 1160 4800 lactus
1173 4755 1214 4800 est

410 4838 541 4894 diabolus
553 4879 560 4902 ,
574 4838 647 4906 ptius
666 4848 752 4891 ortum
769 4848 826 4902 est,
845 4836 871 4890 in
886 4851 968 4905 opere
983 4836 1030 4890 liei
1049 4846 1137 4890 ortum
1152 4837 1212 4891 esti

409 4932 586 4999 Quapropter
600 4929 622 4981 si
637 4929 745 4994 uralutu,
760 4927 830 4997 quod
844 4942 971 4995 uusquatu
985 4936 1042 4981 crat
1054 4927 1172 4991 omuino,
1186 4927 1212 4980 iu

409 5016 463 5073 liet
477 5031 559 5087 opere
573 5017 637 5073 oriri
652 5018 736 5087 potuit
749 5036 755 5071 :
768 5032 816 5071 cur
834 5016 932 5069 malum
944 5057 951 5081 ,
964 5017 1033 5085 quod
1050 5016 1144 5070 alicubi
1157 5019 1212 5085 jam

407 5120 474 5163 erat
487 5109 519 5174 ¹,
536 5122 585 5177 per
605 5123 671 5177 opas
686 5107 734 5162 liei
749 5107 862 5161 transire
880 5122 932 5160 uon
948 5107 1030 5174 putuit
1044 5124 1050 5171 ;
1066 5097 1218 5175 praesertim

405 5212 478 5254 eunt
499 5198 558 5267 ipsu
578 5200 660 5252 uerbo
684 5206 771 5251 titatur
792 5198 934 5268 Apostolus
958 5197 1060 5262 diceus,
1078 5196 1109 5248 b't
1130 5198 1165 5249 itu
1187 5198 1213 5249 iu

404 5307 502 5345 omtter
527 5291 639 5344 ltoutiues
658 5291 800 5360 pertruttsiit
819 5310 827 5340 ι
840 5290 926 5357 (licut.
939 5305 964 5354 r,
977 5288 1042 5358 tbi
1058 5305 1066 5337 t
1081 5287 1212 5357 Numquid

404 5380 540 5439 Ιιιιιιιιιιοι
554 5399 607 5437 uon
620 5392 681 5438 suut
694 5398 760 5450 opus
776 5383 821 5436 θοι
832 5385 842 5435 'l
857 5382 1012 5435 l'ertmusiit
1035 5398 1098 5451 ergo
1117 5396 1211 5450 pmcn·

403 5480 473 5531 ιιιιιι
495 5488 542 5544 per
564 5473 695 5541 homiues,
718 5472 768 5527 boc
788 5482 838 5538 est,
867 5488 935 5542 opus
958 5471 1055 5526 diaboli
1080 5486 1212 5540 peropus

406 5566 484 5623 tter:
508 5575 587 5636 atique
610 5576 639 5620 ιιι
656 5567 707 5620 alio
721 5566 801 5620 ruodo
817 5565 930 5633 idipsum
950 5564 1052 5628 dicant,
1069 5579 1136 5632 opus
1150 5579 1213 5633 ope-

403 5658 452 5713 tis
476 5657 524 5712 liei
539 5673 586 5726 per
599 5672 666 5726 opus
689 5657 744 5711 θοι.
761 5656 794 5709 Et
808 5654 867 5710 ideo
886 5657 954 5711 licus
974 5656 1047 5711 solus
1060 5664 1100 5710 cst
1115 5655 1212 5709 intutu-

406 5746 506 5803 tabilis
527 5755 553 5801 rt
577 5747 767 5816 potentissimae
790 5747 934 5802 bottiertis:
956 5748 1000 5816 qui
1025 5757 1052 5800 et
1070 5756 1210 5816 atttequatu

406 5845 489 5895 esset
509 5838 593 5892 ullum
616 5838 725 5901 malum,
739 5837 808 5892 boua
829 5854 908 5906 opera
930 5838 991 5892 lecit
1012 5838 1111 5903 ouutia,
1132 5837 1211 5892 etde

410 5930 504 5996 mats,
521 5945 579 5998 quae
591 5929 616 5983 iu
633 5929 709 5984 bouis
723 5931 756 5983 ab
770 5945 802 5984 cu
816 5929 891 5984 sucus
903 5938 961 5986 orta
977 5938 1048 5995 suut,
1065 5929 1132 5983 boue
1144 5943 1209 5998 upe-

447 6106 457 6139 ¹
476 6103 638 6154 rarusculos
651 6111 723 6161 curt,
734 6103 898 6215 permiitimus.

744 6180 766 6217 tc

449 6166 462 6203 ¹
477 6170 516 6219 ale
525 6174 578 6216 atus.
591 6172 616 6214 tn
628 6168 705 6230 rigat,
718 6180 733 6215 a
767 6166 807 6217 abi
817 6178 864 6217 nou
874 6172 926 6217 eret

1102 722 1203 780 ttuctt
1223 717 1380 786 obtritus,

2002 731 2074 788 {5⁰2

1281 846 1354 890 ratur
1368 839 1512 905 permuniit
1533 857 1542 890 ι
1559 837 1610 907 (De
1625 839 1730 909 Nuptiis
1745 851 1767 894 et
1782 840 1997 913 Cortcupisreutie,
2024 848 2072 902 tit.

1278 925 1306 991 Ξ,
1320 944 1345 979 n.
1363 928 1476 997 ididiae
1491 937 1518 981 tu
1534 945 1622 984 rerum
1638 931 1768 985 eriilcutia
1784 935 1960 1002 perturbatus,
1976 939 2071 993 oeulos

1278 1016 1414 1097 ΙΙιιιιιιιιιιιιιι
1438 1018 1473 1072 de
1494 1021 1611 1088 possibili
1629 1030 1656 1076 et
1679 1026 1830 1077 necessario
1853 1026 1974 1096 languet
1997 1029 2070 1086 inani

1276 1108 1635 1179 disputationetenebrandos
1645 1116 2068 1190 putasti,utistacaligiucobjecta

1275 1202 1433 1255 aettteutiatu
1450 1212 1520 1256 tuatu
1536 1219 1628 1257 cattam
1644 1221 1696 1257 uon
1714 1208 1895 1273 subtrabercs,
1912 1210 2072 1278 neperiutc·

1275 1300 1356 1351 retur.
1367 1292 1413 1345 sed
1425 1307 1458 1345 ne
1467 1304 1600 1362 perempta
1609 1294 1698 1364 jacere
1706 1298 1913 1365 conspiceretur,
1923 1299 2070 1356 abscunde-

1276 1380 2070 1461 res.Utrutnquippcattccrssario,auapossibiliquidtuter·

1273 1481 1314 1525 est
1333 1472 1366 1525 ad
1379 1488 1435 1527 reru
1458 1474 1491 1528 de
1503 1490 1553 1545 qua
1568 1478 1730 1546 querimus?
1741 1479 1858 1548 Angelus
1868 1491 1940 1535 certe
1951 1491 1977 1536 et
1988 1482 2068 1536 brimo

1274 1575 1419 1631 peccarunt
1430 1581 1437 1617 τ
1449 1572 1494 1619 aut
1504 1580 1568 1635 crgo
1579 1567 1648 1622 aude
1657 1568 1746 1623 dicere
1757 1571 1880 1639 augelutu
1893 1582 1918 1625 et
1932 1574 2066 1629 buutiueut

1273 1667 1326 1706 uon
1339 1667 1398 1708 esse
1412 1665 1537 1719 naturas,
1554 1667 1608 1721 aut,
1622 1659 1682 1726 quia
1698 1675 1751 1713 nuu
1766 1662 1800 1714 ita
1812 1677 1840 1715 es
1855 1663 1963 1716 insanus
1978 1672 2007 1716 ut
2018 1679 2067 1718 au-

1273 1742 1348 1806 deas,
1365 1745 1530 1800 cortrinccris
1546 1757 1671 1816 peccante
1681 1750 1774 1820 angelo
1788 1765 1912 1819 peccasse
1923 1762 2065 1819 naturam,

1272 1833 1437 1887 corrriuccris
1448 1846 1573 1904 peccante
1585 1836 1691 1893 bomine
1704 1854 1829 1908 peccasse
1842 1852 1973 1897 naturam.
1985 1842 2038 1898 Sed
2051 1860 2066 1898 a

1272 1921 1410 1989 possibili,
1436 1924 1540 1994 inquis,
1566 1942 1617 1980 uon
1641 1944 1656 1982 a
1680 1932 1832 1985 necessario
1853 1934 1982 2001 peccarit.
2011 1935 2066 1991 lloc

1274 2026 1365 2066 rerum
1378 2023 1437 2069 est:
1451 2025 1539 2070 tamen
1550 2020 1659 2088 augelus
1672 2022 1799 2088 peccarit,
1814 2032 1902 2078 taureu
1914 2024 1993 2080 botua
2004 2042 2066 2095 pec·

1272 2103 1360 2170 cavit,
1374 2114 1462 2160 tamen
1479 2117 1571 2161 tratura
1588 2123 1724 2178 peccaut,
1740 2127 1771 2166 ac
1783 2113 1824 2169 sic
1837 2128 1904 2182 opus
1918 2114 1981 2180 liri,
1993 2117 2065 2186 quod

1270 2203 1312 2248 est
1324 2194 1450 2264 arrqelus,
1473 2196 1544 2265 quod
1561 2207 1602 2252 est
1618 2199 1712 2266 bomo,
1728 2216 1780 2255 uon
1795 2215 1907 2271 cogente
1928 2205 1983 2259 beo
1995 2247 2002 2270 ‚
2016 2206 2065 2262 sed

1270 2297 1318 2337 stta
1331 2285 1399 2336 tunla
1415 2286 1563 2350 voluntate,
1578 2304 1657 2356 quma
1669 2292 1754 2359 potuit
1767 2301 1793 2346 ct
1808 2308 1859 2346 uon
1877 2293 1984 2362 babere,
2001 2311 2063 2364 pee-

1270 2375 1348 2428 carit.
1360 2374 1399 2429 llli
1413 2391 1476 2445 ergo
1487 2388 1588 2433 tratura:
1601 2381 1754 2449 ignominia,
1766 2399 1826 2452 qua
1838 2399 1898 2438 cum
1914 2386 1981 2441 beue
1995 2387 2063 2442 lacta

1269 2475 1351 2531 esset,
1362 2476 1390 2521 et
1400 2468 1498 2522 ntaluut
1509 2468 1595 2524 lztcere
1605 2482 1695 2527 coacta
1707 2489 1759 2527 ιιοιι
1769 2484 1852 2539 esset,
1865 2485 1952 2531 tamen
1965 2479 2062 2532 tunium

1263 2553 1350 2610 lecit:
1367 2558 1421 2612 θοι
1435 2569 1524 2613 autem
1539 2561 1632 2630 gloria,
1647 2564 1731 2633 quiet
1744 2573 1865 2618 naturam
1879 2567 1975 2620 bouaru
1991 2568 2062 2634 lecit,

1270 2656 1296 2702 et
1309 2649 1342 2704 de
1355 2651 1425 2703 malo
1436 2651 1503 2706 bene
1516 2652 1586 2714 lacit,
1600 2656 1670 2723 qnod
1679 2656 1742 2725 ‚ipse
1756 2673 1808 2710 uon
1820 2656 1890 2711 lecit.
1905 2657 1970 2713 Cuut
1984 2660 2064 2731 igitur

1270 2740 1311 2795 bis
1321 2751 1400 2810 atique
1416 2742 1566 2812 ltujnsruudi
1581 2747 1650 2800 reris
1660 2750 1850 2818 catholicisque
1866 2752 2021 2819 rationibus,
2036 2764 2064 2808 et

1268 2831 1372 2885 delendi
1387 2842 1414 2887 et
1429 2835 1565 2902 pra-dicari
1583 2848 1674 2891 natura
1691 2840 1774 2908 possit
1787 2843 1918 2907 creatrix,
1941 2853 1968 2898 ct
1988 2845 2063 2914 argui

1268 2922 1480 2993 reprehendique
1504 2929 1655 2995 peceatrix3
1677 2939 1757 2997 atque
1781 2929 1836 2999 ipsa
1859 2935 2010 3000 peccatrix,
2036 2945 2064 2991 et

1267 3012 1368 3067 laudari
1394 3016 1421 3068 in
1443 3029 1570 3084 quantum
1591 3035 1650 3072 caut
1672 3021 1741 3075 [leus
1764 3021 1843 3087 lecit,
1866 3032 1893 3077 οι
1911 3025 2011 3094 culpari
2036 3027 2062 3081 iu

1266 3114 1393 3172 qttautuut
1406 3105 1439 3159 ab
1454 3107 1514 3174 illo,
1538 3110 1609 3163 nullo
1624 3120 1745 3180 cogente,
1762 3111 1872 3177 deiecit,
1889 3123 1916 3168 et
1928 3116 1953 3167 iu
1971 3124 2060 3184 poste-

1266 3197 1304 3250 ris
1312 3198 1434 3251 meritum
1446 3215 1522 3253 suum
1535 3204 1632 3270 recepit
1643 3202 1746 3275 (eadem
1755 3206 1852 3276 quippe
1864 3207 1920 3276 ipsa
1931 3218 2022 3262 natura
2035 3210 2060 3263 in

1266 3287 1376 3364 siqgulis
1386 3291 1534 3361 quilmsque
1544 3294 1601 3348 sinc
1615 3295 1751 3350 voluntate
1761 3298 1888 3363 uescitur,
1901 3314 1959 3368 quae
1970 3300 1996 3353 iu
2008 3315 2062 3354 uuo

1266 3378 1403 3433 celeritate
1419 3381 1567 3454 peccaritl:
1587 3385 1648 3454 quis
1666 3395 1692 3440 te
1707 3387 1881 3456 praecipitarit
1896 3399 1923 3442 ut
1937 3390 2061 3458 diceres,

1266 3469 1326 3537 quis
1338 3470 1482 3525 submersit
1496 3480 1526 3525 ιιι
1537 3475 1678 3540 scriberes,
1693 3493 1702 3526 t
1716 3476 1743 3529 Si
1757 3485 1852 3530 natura
1865 3493 1931 3547 opus
1946 3488 1987 3533 est
2001 3480 2059 3546 θοι,

1267 3576 1396 3631 peropus
1412 3563 1458 3616 lici
1478 3579 1546 3634 opus
1570 3565 1668 3621 diaboli
1686 3568 1799 3623 transire
1819 3585 1872 3622 ιιοιι
1889 3570 2000 3624 sinitur?
2015 3590 2024 3622 ι
2039 3571 2062 3627 0

1265 3651 1346 3707 surde
1366 3654 1392 3706 iu
1413 3653 1523 3708 vocibus
1544 3658 1655 3711 sanctis!
1679 3673 1696 3710 o
1717 3673 1788 3712 cece
1811 3658 1836 3712 iu
1865 3660 2061 3717 inventionibus

1266 3741 2061 3814 tuis!Nouuepcccuttuuopuscstdiaboliiduuueinomues

1266 3832 2063 3911 lrouriuespertransiit,quisttntopuslieiiNunneperpcc·

1265 3934 1353 3979 catum
1375 3940 1459 3993 murs,
1482 3942 1513 3982 ea
1536 3930 1682 3996 praesertim
1705 3929 1810 3999 qualem
1833 3946 1881 3984 rus
1906 3932 1989 3986 solutu
2014 3949 2062 4003 per

1265 4025 1404 4083 peccatura
1424 4016 1511 4070 dicitis
1523 4017 1661 4083 accidisse,
1679 4018 1770 4084 idest,
1787 4036 1839 4074 uuu
1855 4023 1995 4091 corporis,
2013 4022 2060 4076 scd

1265 4107 1378 4173 animm,
1396 4123 1463 4177 opus
1484 4118 1525 4163 est
1548 4108 1664 4164 diaboli?
1679 4110 1772 4166 Nuune
1787 4112 1812 4165 iu
1832 4128 1926 4167 ournes
1941 4114 2063 4169 bomiues

1267 4198 1431 4265 pertransiit,
1446 4200 1490 4268 qui
1505 4208 1568 4252 suut
1581 4214 1647 4268 opus
1664 4201 1726 4254 bei?
1740 4200 1791 4255 Sed
1807 4203 1963 4267 inritatione,
1981 4214 2008 4256 ut
2020 4204 2062 4258 di·

1266 4287 1343 4353 citis,
1359 4289 1472 4342 transiit.
1498 4289 1597 4343 Tamen
1612 4304 1659 4358 per
1672 4290 1793 4344 bontiues
1807 4294 1926 4354 transiit,
1942 4293 1985 4363 qui
2001 4303 2063 4348 sttut

1266 4392 1333 4447 opus
1350 4379 1406 4433 Dei.
1421 4378 1474 4433 Sed
1495 4394 1510 4432 a
1525 4379 1660 4449 possibili,
1676 4396 1728 4434 uon
1744 4395 1758 4433 a
1773 4383 1924 4436 necessario
1946 4385 2062 4439 transiit.

1265 4467 1313 4521 liic
1324 4468 1451 4540 quidquid
1466 4469 1512 4523 tibi
1529 4470 1614 4538 qtlacct
1627 4487 1634 4524 ε
1649 4478 1737 4524 tarrtcn
1751 4486 1798 4539 per
1809 4470 1931 4527 lrotuines
1945 4473 2060 4541 transiit,

1265 4562 1310 4627 qul
1330 4569 1392 4612 suut
1414 4575 1481 4628 opus
1508 4559 1575 4614 Dei:
1601 4569 1628 4614 tu
1652 4570 1740 4614 autem
1759 4562 1816 4614 sine
1834 4561 1885 4616 ulla
1905 4562 2062 4631 exceptione

1265 4651 1366 4716 dixisti,
1381 4669 1390 4701 t
1409 4651 1459 4706 θοι
1472 4666 1538 4726 opus
1549 4651 1595 4705 θοι
1607 4666 1675 4722 opus
1690 4651 1786 4705 diaboli
1802 4652 1916 4706 transire
1929 4667 1982 4706 non
1996 4653 2062 4707 sini-

1267 4750 1328 4805 tur;
1346 4761 1354 4793 ι
1372 4752 1398 4796 οι
1414 4743 1481 4796 baue
1494 4743 1632 4797 sententie
1646 4750 1697 4796 tuae
1713 4754 1766 4796 tatu
1781 4742 1946 4811 perspicuum
1959 4743 2061 4795 sanita-

1267 4841 1319 4887 tcut
1336 4835 1356 4897 ¹,
1371 4841 1401 4887 ut
1421 4834 1514 4887 rardur
1528 4832 1623 4897 teres,
1640 4840 1711 4885 tanta
1726 4832 1885 4900 loquacitate
1899 4846 1950 4885 uon
1966 4841 1994 4885 ut
2015 4832 2062 4885 ab·

1265 4923 1415 4977 solveretur
1439 4923 1602 4982 defendere,
1629 4920 1676 4975 scd
1703 4937 1737 4975 ne
1762 4921 1926 4990 aspiceretur
1952 4925 2059 4991 operire

1265 5025 1375 5068 conatus
1390 5029 1428 5068 es.
1450 5014 1478 5066 Si
1494 5015 1518 5066 iu
1538 5021 1653 5078 mentem
1670 5013 1717 5067 tibi
1737 5014 1882 5081 apostolica
1902 5015 1982 5068 verba
2004 5029 2057 5067 nou
2131 5080 2136 5091 Ι

1265 5114 1403 5169 verterant,
1422 5120 1480 5173 quar
1501 5113 1526 5158 te
1546 5104 1596 5157 boc
1616 5103 1706 5159 dicere
1726 5104 1912 5174 prolribercnt;
1933 5119 1980 5159 cur
2005 5119 2058 5160 uon
2102 5110 2104 5115 ’

1265 5196 1417 5260 attendisti,
1433 5197 1558 5260 obscero,
1574 5195 1632 5265 plus
1646 5212 1706 5252 esse
1719 5198 1745 5250 iu
1768 5212 1848 5264 opere
1864 5197 1907 5249 θοι
1923 5197 2060 5263 existere,

1266 5304 1344 5358 quatu
1359 5304 1405 5356 per
1420 5304 1486 5356 opus
1503 5288 1547 5341 liei
1564 5271 1677 5344 trattsite
1692 5302 1759 5356 opus
1780 5287 1979 5342 diabolicam
1994 5302 2058 5355 crgo

1267 5378 1329 5432 illud
1342 5378 1457 5439 fatearis,
1471 5394 1518 5431 eur
1530 5377 1580 5430 buc
1591 5377 1692 5445 uirgas?
1706 5378 1745 5429 du
1759 5376 1828 5444 quod
1842 5378 1880 5430 tris
1892 5378 1945 5431 lieri
1958 5386 2055 5446 potest,

1266 5469 1336 5540 quod
1350 5485 1401 5524 ιιοιι
1413 5470 1452 5523 ris
1467 5486 1517 5522 nou
1530 5478 1616 5538 potest
1626 5469 1637 5521 i
1648 5467 1804 5522 llisercatut·
1817 5469 1852 5521 tui
1865 5468 1944 5534 lacus,
1957 5477 1985 5522 at
1996 5482 2056 5522 esse

1267 5562 1372 5615 desituts
1388 5577 1481 5614 rautts.
1497 5560 1570 5613 ilaue
1589 5567 1677 5612 autem
1697 5560 1856 5613 scttteutiatu
1879 5568 1948 5613 tuaut
1974 5559 2056 5612 blani-

1266 5651 1356 5705 clteus
1371 5651 1484 5705 libenter
1496 5648 1679 5718 amplectitur,
1696 5656 1819 5718 tauquam
1835 5650 1946 5702 autiratu
1960 5663 2053 5710 stratu,

1266 5749 1504 5810 ctargutueutatur
1524 5741 1577 5794 itn:
1599 5740 1626 5793 Si
1643 5756 1690 5810 per
1712 5755 1778 5810 opus
1803 5741 1849 5794 liei
1871 5752 1936 5806 opus
1957 5735 2054 5789 diaboli

1266 5836 1378 5888 transire
1393 5849 1443 5888 nou
1464 5834 1576 5895 sinitur,
1591 5836 1674 5887 multo
1689 5834 1776 5888 miuus
1796 5834 1822 5885 in
1837 5844 1916 5898 opere
1930 5827 1975 5880 Dei
1997 5827 2054 5880 cxi-

1265 5935 1336 5982 stcre
1350 5927 1464 5981 sinitur:
1480 5924 1551 5979 uude
1563 5941 1627 5995 crgo
1642 5927 1756 5991 malurn,
1773 5923 1821 5978 uisi
1838 5919 1906 5974 uude
1922 5932 1971 5972 uos
1987 5917 2054 5972 diei-

1296 6103 1309 6172 ι,
1323 6102 1396 6211 quiri,
1421 6100 1573 6165 perspiritum
1590 6108 1700 6165 ιιιιιιιιιιιιι
1710 6114 1720 6162 ;
1746 6094 1945 6148 diasciliit'sslibffi
1971 6106 2055 6147 tttttttt·

1264 6176 1328 6225 wrtp
1340 6176 1368 6212 ts.
