4900 6892
404 666 475 723 ibib

403 778 509 837 eortiusl
523 787 594 836 suttt.
608 777 678 835 Ante
691 785 828 847 peccatum
851 774 977 846 gettitalia
1001 771 1118 829 noudum
1143 787 1194 840 pu·

402 871 491 930 denda
502 872 560 927 tine
573 870 698 941 tegimine
710 868 873 939 reliquerunt
884 883 892 921 a
902 876 962 936 post
975 874 1111 938 peccatum
1122 864 1197 934 geni·

405 961 469 1031 talis
479 962 534 1033 jam
549 960 672 1032 pudenda
688 968 821 1017 texerunt.
838 959 869 1014 lli
883 972 948 1030 crgo
962 967 1044 1015 testes
1057 957 1121 1013 satis
1136 955 1195 1012 idn-

404 1052 460 1120 nei,
484 1061 512 1109 et
532 1051 734 1129 pelagianorum
756 1050 943 1124 pervicaciam,
967 1058 995 1107 ct
1021 1047 1195 1120 quarumdam

404 1142 523 1213 gentium
538 1143 752 1215 cynicorumque
765 1141 967 1212 impudentiam,
989 1139 1063 1211 prius
1075 1153 1130 1193 non
1146 1153 1195 1207 pu·

404 1231 491 1289 denda
506 1243 533 1288 et
546 1242 638 1305 postea
653 1232 776 1304 pudenda
786 1231 905 1288 nuditate
918 1246 965 1287 sua
977 1230 1148 1288 contineant.

439 1322 520 1379 xtv.
540 1324 600 1381 lua.
621 1325 677 1380 lloc
692 1325 771 1395 igitur
783 1325 810 1380 in
822 1319 945 1395 pricseoti
959 1339 1050 1394 opere,
1064 1329 1191 1394 quantum

405 1423 520 1472 retacta
532 1416 650 1486 pertulit,
662 1414 794 1483 absoluto,
810 1416 888 1471 renio
897 1415 930 1470 ad
943 1414 1009 1472 illud
1018 1412 1088 1486 quod
1097 1413 1196 1478 dixisti,

406 1503 551 1563 lnCltristo
561 1506 784 1562 bancnaturalem
793 1506 1033 1576 concupiscentiam
1043 1519 1096 1560 non
1106 1504 1195 1559 luisse.

405 1593 449 1652 Sic
460 1596 533 1651 cuim
551 1596 703 1667 obloqueris
716 1596 781 1652 milri
796 1614 803 1650 ι
822 1615 832 1649 ι
849 1595 903 1653 Sed
918 1597 969 1651 istc
981 1596 1006 1650 in
1020 1595 1063 1650 liis
1074 1593 1200 1650 omnibus

406 1684 489 1740 noluit
498 1685 635 1742 nominare
643 1687 884 1758 concupiscentiam
894 1688 993 1755 carnis,
1005 1702 1063 1757 qua
1074 1700 1126 1741 non
1135 1693 1199 1742 esta

406 1776 493 1840 Patre.
508 1777 555 1833 sed
569 1793 602 1833 cx
615 1778 714 1835 mundo
726 1788 783 1845 est;
794 1779 869 1849 eujus
878 1777 969 1834 mundi
979 1779 1101 1849 princeps
1111 1776 1200 1833 dictus

406 1877 446 1925 att
458 1868 579 1925 diabulus
593 1887 600 1923 :
616 1870 662 1940 qui
674 1886 734 1925 eam
754 1869 782 1926 in
799 1870 913 1927 licutino
935 1884 989 1925 uun
1011 1868 1124 1934 invenit,
1138 1867 1199 1938 quia

409 1958 537 2015 bominus
559 1958 641 2016 bomo
656 1975 710 2017 non
736 1976 784 2031 pcr
804 1960 889 2031 ipsam
903 1959 936 2015 nd
958 1959 1081 2016 homiues
1095 1958 1167 2012 venit
1185 1974 1195 2009 ι

410 2047 460 2120 (De
469 2048 575 2120 Nuptiis
587 2059 610 2104 et
622 2049 840 2121 Concupiscentia,
854 2049 898 2105 lt'l.
912 2050 940 2119 2,
954 2066 1012 2119 cop.
1024 2048 1064 2120 5).
1076 2049 1200 2104 Pronun-

408 2137 477 2192 tiasti
497 2153 561 2208 crgo
574 2137 720 2207 Christum,
744 2154 824 2210 quem
836 2154 930 2196 verum
943 2154 991 2210 per
1010 2137 1099 2194 omnia
1114 2136 1199 2192 bonti-

409 2240 469 2280 nem
483 2225 549 2281 stdcs
560 2226 691 2282 catholica
700 2227 852 2294 conlitctur,
864 2227 932 2283 itanc
945 2226 1198 2298 concupiscentiam,

407 2330 486 2386 quam
501 2315 565 2371 dicit
584 2316 702 2373 loannes
715 2318 863 2388 apostolus,
884 2318 910 2373 in
927 2333 975 2372 sua
998 2332 1052 2373 nun
1075 2315 1200 2371 babuisse

407 2417 498 2462 carrae.
513 2403 567 2462 Sed
581 2406 715 2474 loannes,
732 2415 761 2462 ut
774 2407 832 2477 ejus
846 2407 916 2465 dicta
930 2407 1089 2474 docuerunt,
1101 2420 1199 2465 conco-

407 2493 563 2564 piscentiam
576 2495 674 2560 carnis,
685 2504 713 2550 et
725 2495 965 2567 concupiscentiam
978 2496 1127 2559 oculorum,
1139 2508 1200 2550 cunt

406 2583 479 2637 cmtti
491 2582 590 2638 mundo
602 2597 635 2638 cx
648 2583 728 2640 Patre
743 2598 794 2640 non
806 2599 866 2640 etse
880 2585 1031 2655 pronuntiat
1047 2584 1155 2659 illurn.
1170 2601 1199 2651 ιι,

407 2670 470 2740 itii:
485 2670 557 2742 quod
572 2686 621 2727 tros
633 2673 854 2744 quemadmodum
867 2674 979 2747 intelligi
991 2674 1101 2732 deberet
1111 2684 1202 2732 osteu-

407 2758 505 2816 dimus.

442 2851 512 2908 Aca.
528 2851 673 2908 ostendisti
687 2853 805 2924 quidem,
821 2853 868 2910 scd
881 2853 1105 2925 quemadmodum
1118 2861 1146 2909 tu
1156 2853 1199 2909 in-

410 2943 553 3015 telligeres,
563 2943 606 3001 rel
616 2944 704 3014 potius
714 2960 769 3001 non
779 2945 952 3018 intelligeres,
962 2961 1015 3001 nan
1026 2946 1200 3015 quemadmo-

410 3031 471 3089 dum
483 3030 595 3089 deberet
608 3034 719 3106 intelligi
734 3034 790 3091 :de
804 3051 855 3106 qua
869 3050 898 3092 re
910 3035 957 3090 tibi
978 3036 1003 3090 in
1016 3035 1131 3107 ipsatua
1146 3052 1199 3095 tion

410 3124 505 3187 remei,
519 3123 567 3180 scd
577 3124 681 3196 loquaci
694 3125 882 3196 disputatione,
895 3127 1015 3183 certats¹
1030 3127 1200 3199 proteritate

409 3216 542 3287 respondi.

442 3304 534 3363 xttt.
553 3305 615 3364 lut.
634 3306 675 3364 'l'u
686 3322 751 3364 vero
763 3323 860 3364 nomen
876 3308 963 3378 ipsum
976 3309 1198 3380 concupiscentiae

401 3397 583 3471 amplexatus,
595 3399 663 3454 risa
677 3398 774 3455 Christi
785 3413 898 3470 corpore
920 3409 971 3454 tam
985 3399 1122 3455 oculorum
1136 3414 1199 3457 sen·

407 3504 466 3548 tunt
479 3488 606 3558 abluisse,
617 3505 695 3561 quam
709 3490 849 3546 viscerum.
946 3553 949 3560 ¹

403 3642 407 3649 .
443 3581 512 3638 luo.
531 3579 583 3638 lsta
603 3596 657 3637 non
677 3581 798 3646 diceres,
817 3582 839 3637 si
853 3592 881 3638 tn
894 3595 990 3637 mount
1006 3596 1127 3649 sensum,
1145 3595 1198 3636 non

407 3672 596 3743 conponeret
611 3673 692 3729 animi
705 3672 828 3729 haberes.

442 3763 545 3822 xtttt.
553 3765 613 3821 lut.
623 3766 757 3837 llicigitm·
767 3775 795 3822 ut
803 3764 873 3822 adsit
885 3775 940 3821 toto
953 3765 1044 3821 animo
1054 3764 1147 3831 lector,
1156 3763 1200 3820 ad·

407 3869 503 3912 maneo
517 3874 525 3911 ι
537 3855 635 3911 ridebit
649 3856 720 3912 enim
741 3855 989 3925 npottinaristaruor
1007 3854 1198 3923 terminent

406 3960 468 4003 cttm
480 3947 619 4004 llanicltaei
633 3963 681 4018 per
694 3957 720 4004 te
731 3945 882 4018 adjectione
896 3947 1026 4018 reparari.
1037 3947 1199 4016 Apollinaris

408 4037 505 4108 qnippe
520 4038 606 4109 primo
621 4039 700 4096 talem
721 4038 928 4094 incarnationem
952 4037 1049 4093 Christi
1062 4037 1199 4093 induxisse

408 4125 500 4195 lectur,
516 4139 545 4186 ut
556 4128 659 4186 diceret
670 4129 756 4185 solum
768 4143 865 4198 eorpus
878 4128 911 4185 dc
920 4127 1036 4183 lrutnaoa
1049 4127 1197 4184 substantia

407 4226 572 4289 resumptum
585 4218 678 4284 videri,
694 4234 742 4288 pro
752 4221 840 4273 anima
852 4232 917 4273 tero
928 4217 1012 4287 ipsam
1026 4218 1107 4275 luisse
1118 4217 1198 4272 deite-

408 4307 720 4378 tem30ltristusquenon
731 4309 878 4373 immicum,
889 4290 1198 4365 scdcadarerriderctur

408 4395 524 4457 bominis
537 4391 696 4471 suscepisse.
715 4399 792 4470 Quod
812 4408 982 4471 posteaquam
995 4401 1076 4472 coepit
1089 4411 1142 4457 tam
1154 4416 1197 4457 ra·

409 4491 488 4548 tionis
506 4507 586 4563 quam
600 4493 738 4565 Evangelii
756 4495 926 4551 attestatione
937 4494 1060 4562 comeiti,
1075 4492 1198 4550 videlicet

407 4583 468 4652 quia
482 4583 533 4638 boc
547 4584 604 4654 ipso
615 4597 792 4640 necesseerat
804 4594 887 4639 tntum
900 4584 964 4639 illud
978 4584 1098 4640 salsitatis
1111 4583 1195 4655 argui,

409 4673 479 4743 quod
493 4675 627 4730 hominem
648 4691 678 4731 se
696 4676 817 4731 Christus
834 4676 952 4742 dixerat,
967 4693 1045 4746 quem
1058 4677 1197 4732 veritatem

406 4762 523 4819 locutum
537 4766 763 4836 persequebantur
775 4765 871 4837 tuoni,
885 4768 908 4823 si
920 4776 977 4823 erat
991 4769 1024 4823 ab
1037 4784 1070 4823 eo
1082 4783 1144 4824 caro
1154 4783 1199 4824 so-

407 4854 585 4929 lasusccpta,
607 4874 668 4915 eum
692 4858 773 4914 bomo
789 4859 840 4914 nisi
861 4859 949 4913 anima
972 4859 1197 4932 simulctcorpus

372 5011 376 5015 ,
407 4961 464 5005 csse
478 4965 532 5005 non
553 4959 659 5021 posset;
673 4950 715 5006 vel
727 4948 798 5021 quod
821 4950 849 5004 iu
863 4950 1007 5020 Evangelio
1025 4950 1139 5017 dixerat,
1163 4950 1197 5005 tn

409 5047 530 5107 potesate
544 5040 622 5095 ltubco
635 5057 728 5111 ponem
738 5041 851 5094 animant
868 5057 962 5107 meam,
983 5051 1008 5096 et
1030 5041 1057 5095 in
1076 5051 1198 5112 potestate

407 5127 484 5184 lateo
497 5131 588 5184 iterum
606 5148 705 5188 tutncre
724 5148 780 5186 eom
802 5132 892 5204 (icon.
914 5148 944 5198 x,
966 5131 1022 5206 ts).
1044 5133 1108 5209 Quat
1125 5135 1199 5190 euim

407 5219 492 5298 ap'ma
507 5230 660 5289 poneretur,
674 5223 696 5278 si
713 5232 849 5293 assumpta
861 5238 917 5285 non
933 5223 1042 5282 lucrati
1055 5225 1123 5282 Cum
1133 5241 1197 5298 ergo

407 5313 565 5369 auctoritate
580 5314 671 5370 talium
685 5317 899 5380 testimoniorum
913 5326 943 5372 ct
954 5319 1099 5388 perspicuae
1113 5320 1197 5375 ratio·

406 5401 447 5457 uis
469 5418 579 5461 eversus
602 5405 710 5473 luisset,
724 5409 883 5477 excogitavit
894 5407 967 5464 aliud
984 5409 1055 5467 unde
1073 5410 1130 5479 cius
1142 5410 1197 5466 late-

407 5493 487 5561 rcsis,
504 5512 564 5567 quae
583 5497 708 5567 perdurat
722 5498 862 5567 hactenus,
879 5509 1053 5568 nasceretur;
1072 5511 1100 5558 et
1119 5502 1195 5568 dixit,

406 5585 519 5640 atrinnam
532 5586 641 5656 quidem
653 5587 794 5643 immanem
810 5590 836 5644 in
850 5589 956 5646 Chr-isto
968 5588 1061 5656 luisse,
1072 5591 1119 5647 sed
1132 5606 1195 5646 scn-

407 5687 450 5729 sus
474 5676 499 5730 in
515 5692 549 5732 co
571 5679 692 5748 corporis
715 5694 768 5734 non
789 5680 888 5749 luisse,
907 5691 987 5752 atque
1006 5682 1195 5751 impassibilem

407 5778 464 5821 oum
475 5769 654 5837 pronuntiarit
665 5771 676 5802 ¹
689 5771 820 5826 univorsis
833 5771 966 5828 exstitisse
979 5773 1105 5844 peccatis.

435 5938 445 5974 ¹
462 5939 609 6003 addidimus,
621 5950 723 6004 certoru,
737 5958 768 5996 ox
781 5947 907 5997 veteribus
919 5946 994 5996 llinis.

411 6000 593 6121 rpdqfflmffie
604 6006 771 6069 pruttmttintt't.
784 6010 850 6070 ttine,
862 6022 922 6069 esse,
935 6010 1082 6060 retnocimus
1090 6013 1193 6060 auctori-

1078 655 1180 713 Ltttttt
1199 651 1361 716 QUARTUS

1977 659 2044 716 istc

1288 768 1356 825 Aca.
1376 769 1482 827 Sancte
1498 771 1635 827 memoriae
1648 770 1759 844 Cyprius
1776 772 1916 842 episcopus
1928 772 2041 842 Epiptto-

1249 858 1309 914 uius
1319 859 1345 914 in
1357 860 1485 931 opusculo
1492 859 1562 931 quod
1572 860 1606 917 de
1614 861 1758 917 heresibus
1769 861 1861 928 edidit,
1870 861 1935 916 dixit
1946 862 2044 932 Apoti-

1249 952 1411 1008 naristarum
1425 953 1552 1023 quosdam
1569 953 1596 1008 io
1609 952 1720 1010 Domino
1729 953 1791 1010 lesu
1802 954 1908 1010 Christo
1922 951 2045 1008 dit'iuitn-

1250 1043 1269 1099 ti
1282 1058 1379 1115 corpus
1392 1045 1618 1117 consubstantiale
1628 1047 1743 1112 dixissc;
1758 1047 1824 1101 alius
1835 1055 1922 1101 autem
1934 1061 2045 1117 negasse

1250 1133 1320 1204 quod
1332 1135 1448 1190 animam
1469 1137 1630 1206 sumpserit;
1651 1138 1718 1194 alios
1738 1137 1929 1208 propterquod
1945 1137 2044 1192 dictum

1250 1233 1302 1293 est,
1316 1223 1423 1281 Verbum
1434 1243 1493 1282 carn
1505 1228 1599 1297 [attunt
1611 1238 1646 1283 cst
1657 1227 1747 1299 (donar.
1764 1246 1783 1294 ι,
1796 1227 1850 1300 il),
1864 1226 2038 1294 contendisse,

1251 1333 1303 1374 non
1317 1335 1376 1375 cum
1398 1335 1506 1376 carnem
1524 1320 1670 1391 sumpsisse
1690 1320 1724 1375 dc
1742 1330 1831 1375 ereata
1844 1335 1936 1386 carne,
1952 1316 2040 1384 idest,

1249 1408 1359 1478 linrioe,
1379 1411 1428 1466 sed
1449 1411 1565 1468 lcrbum
1589 1428 1698 1468 earnem
1725 1413 1840 1479 iactum3
1863 1421 1954 1483 postea
1980 1427 2045 1466 vern

1250 1500 1343 1556 nescio
1366 1501 1430 1572 quid
1444 1504 1590 1573 cogitantes
1614 1503 1714 1558 dixisse
1734 1501 1805 1572 quud
1823 1518 1876 1557 non
1900 1501 2045 1570 sumpserit

1251 1600 1379 1645 mentem.
1401 1590 1479 1659 Quod
1498 1608 1561 1662 crgo
1579 1592 1695 1647 ailirnras
1714 1593 1916 1662 Apollinaristns
1933 1607 2041 1648 asserc-

1251 1695 1327 1736 rasse
1339 1680 1367 1736 in
1380 1680 1489 1737 Christo
1501 1696 1596 1738 sensus
1610 1684 1731 1753 corporis
1743 1698 1796 1738 non
1807 1682 1889 1739 luisse
1897 1686 1918 1751 ¹,
1931 1699 2045 1752 cumque

1252 1769 1313 1826 illos
1327 1772 1514 1840 pronuntiasse
1523 1771 1729 1843 impassibilem
1745 1789 1795 1829 nce
1805 1777 1907 1844 uspiam
1919 1774 1978 1844 legi,
1993 1776 2044 1829 nisi

1252 1859 1278 1914 in
1292 1860 1343 1915 lmc
1356 1858 1426 1916 libro
1441 1870 1497 1929 tuo,
1513 1877 1564 1918 uec
1575 1863 1718 1934 aliquando
1731 1865 1764 1918 alr
1775 1864 1865 1935 aliquo
1879 1865 1977 1920 auditi.
1992 1865 2044 1920 Seri

1251 1952 1376 2023 quoniam
1392 1951 1470 2008 tideo
1490 1962 1516 2008 te
1534 1970 1656 2024 quaerere
1677 1955 1722 2011 nbi
1737 1955 1874 2026 expandas
1891 1957 2041 2028 ventiloqui·

1252 2036 1307 2110 tua,
1318 2052 1347 2099 ut
1360 2059 1422 2099 cum
1433 2044 1470 2099 sis
1480 2045 1619 2112 verbosus,
1633 2046 1752 2104 ridearis
1762 2063 1824 2104 csse
1838 2050 1975 2118 copiosus,
1990 2048 2043 2104 cito

1252 2133 1401 2205 respondeo
1411 2152 1418 2188 :
1429 2133 1554 2207 Quisquis
1565 2136 1651 2192 credit
1660 2137 1702 2194 rel
1714 2138 1757 2192 illa
1770 2154 1829 2209 qme
1844 2138 2046 2208 Apollinaristns

1251 2221 1342 2281 dicere
1355 2238 1436 2295 supra
1450 2227 1669 2296 commemorari,
1688 2227 1730 2285 rel
1754 2243 1807 2285 non
1829 2228 1955 2287 babuisse
1966 2227 2045 2286 Clui-

1252 2321 1321 2368 ttum
1338 2313 1461 2385 corporis
1472 2331 1577 2385 sensus,
1587 2327 1667 2387 atque
1677 2317 1869 2389 impassibilem
1880 2317 2046 2390 fuisseque·

1252 2402 1342 2459 thema
1366 2404 1411 2459 sit.
1441 2404 1476 2461 lit
1496 2421 1559 2463 tero
1583 2415 1610 2463 te
1630 2392 1735 2480 quoque
1761 2409 1848 2480 possis
1874 2425 2043 2481 agnoscere:

1252 2491 1378 2564 Quisquis
1389 2493 1473 2550 credit
1485 2510 1594 2552 carnem
1608 2497 1708 2554 Christi
1723 2509 1816 2554 cotnra
1830 2500 1954 2571 spiritum
1974 2515 2041 2556 con·

1252 2585 1369 2654 cupisse,
1383 2583 1524 2642 anathema
1539 2589 1585 2642 tit.
1982 2612 1984 2614 ’

1289 2673 1404 2732 xttttt.
1424 2676 1486 2733 lot.
1505 2676 1564 2734 Non
1577 2679 1622 2751 qui
1632 2678 1731 2737 virtute
1742 2680 1834 2752 judicii
1855 2679 1951 2737 delicta
1966 2681 2046 2737 vitas-

1252 2777 1309 2834 set;
1331 2766 1380 2824 scd
1393 2768 1439 2840 qui
1461 2767 1587 2826 felicitate
1606 2772 1694 2828 camis
1713 2788 1730 2828 a
1750 2772 1851 2829 nostris
1863 2771 1988 2828 sensibus
2000 2788 2044 2828 sc-

1251 2866 1403 2930 questmtae,
1414 2859 1585 2930 cupiditatem
1597 2862 1722 2919 ritiomm
1731 2864 1830 2920 sentire
1840 2862 2012 2935 nequivisset.

1286 2950 1355 3006 Aca.
1374 2948 1431 3005 Non
1447 2950 1561 3008 dicimus
1571 2966 1631 3020 uos,
1645 2971 1656 3006 ι
1671 2952 1808 3011 Christum
1820 2953 1944 3010 felicitate
1957 2955 2046 3010 cantis

1250 3054 1267 3097 ι
1281 3041 1380 3097 nostris
1394 3042 1517 3101 sensibus
1526 3054 1710 3115 sequestrate,
1730 3047 1902 3118 cupiditatem
1921 3046 2044 3105 citiorum

1251 3131 1352 3189 sentire
1365 3148 1418 3189 nou
1428 3134 1567 3204 potuisse:
1587 3155 1597 3190 r
1614 3136 1662 3193 sed
1673 3130 1797 3207 dicimus,
1806 3154 1867 3195 eum
1879 3136 2045 3210 perfectione

1250 3222 1366 3290 cincus,
1379 3233 1408 3283 et
1421 3241 1474 3282 nun
1486 3242 1534 3300 per
1547 3227 1638 3284 mritis
1651 3229 1896 3301 concupiscentiam
1906 3232 2044 3302 procreata

1250 3326 1343 3380 carne,
1357 3312 1531 3386 cupiditatem
1546 3332 1599 3374 non
1620 3317 1746 3377 babuisse
1760 3320 1896 3377 ritiomm.
1911 3319 1988 3376 Aliud
2003 3330 2046 3377 cst

1251 3402 1324 3458 enim
1337 3416 1390 3457 non
1399 3402 1524 3462 habuisse
1531 3405 1702 3478 cupiditatem
1714 3409 1829 3475 malam;
1843 3408 1914 3465 aliud
1923 3425 2044 3467 noncam

1251 3492 1371 3563 potuisse
1390 3496 1491 3552 sentire
1508 3514 1516 3554 ι
1531 3499 1659 3555 scusissct
1676 3500 1748 3556 enim
1767 3499 1791 3556 si
1813 3500 1966 3570 habuissem
1990 3517 2044 3559 non

1250 3583 1324 3638 euim
1334 3598 1430 3640 sensus
1441 3585 1467 3641 ci
1481 3586 1566 3643 deluit
1583 3603 1636 3660 quo
1647 3604 1707 3645 cam
1722 3590 1847 3657 sentiret,
1860 3591 1907 3649 scd
1922 3593 2044 3651 voluntas

1250 3670 1334 3727 adluit
1347 3689 1398 3743 qua
1412 3690 1465 3731 non
1478 3674 1599 3733 baberet.
1611 3677 1666 3749 Nec
1673 3679 1780 3737 mireris
1791 3679 1937 3751 Christtcn,
1948 3700 2044 3757 qoam·

1250 3760 1290 3817 ris
1305 3761 1440 3822 irontinem
1453 3782 1557 3837 rerum,
1579 3778 1666 3826 tamen
1688 3787 1735 3843 per
1752 3774 1841 3830 omnin
1855 3773 1966 3845 bonum,
1990 3793 2042 3832 no·

1252 3849 1336 3908 luisse
1357 3851 1458 3913 ltabcre
1478 3858 1650 3930 cupiditatem
1663 3861 1771 3919 malam.
1786 3861 1852 3921 Nam
1873 3867 1932 3939 quis
1946 3875 2043 3939 practer

1250 3955 1298 3998 ros
1319 3945 1492 4014 cupiditatem
1514 3958 1593 4022 neget
1614 3967 1675 4009 esse
1698 3955 1806 4022 malam,
1831 3971 1881 4029 qua
1901 3957 2044 4030 cupiuntur

1250 4031 1341 4086 malai
1355 4033 1425 4104 quis,
1439 4036 1556 4108 inquam,
1573 4049 1670 4111 praeter
1689 4057 1737 4099 ros
1751 4036 1910 4115 persuadere
1924 4056 2036 4105 conatur

1250 4133 1303 4174 non
1327 4136 1387 4178 cssc
1407 4125 1510 4192 sitium,
1527 4144 1607 4198 quam
1628 4131 1801 4204 cupiditatem
1821 4137 1965 4193 eoniltetur
1983 4153 2043 4193 csso

1249 4208 1430 4277 t·itiorum;et
1451 4229 1504 4269 non
1523 4231 1583 4273 csse
1605 4219 1715 4289 malum,
1739 4222 1781 4277 cui
1802 4224 1924 4280 suadenti
1938 4226 1962 4280 si
1975 4242 2043 4283 con·

1249 4299 1378 4356 sentiatur
1393 4302 1422 4357 ttt
1434 4318 1504 4375 opus
1517 4307 1636 4363 malumi
1648 4309 1723 4365 llnnc
1739 4313 1912 4383 cupiditatem
1921 4314 2043 4373 Christus

1249 4398 1276 4444 et
1290 4391 1391 4448 sentire
1406 4404 1506 4464 posset,
1521 4397 1545 4454 si
1565 4397 1692 4466 naheren
1716 4412 1743 4457 et
1757 4402 1886 4472 liabere¹,
1902 4407 1925 4462 si
1940 4405 2040 4463 vellet:

1249 4481 1297 4538 scd
1310 4483 1380 4541 absit
1394 4494 1423 4541 ut
1445 4485 1534 4544 vellet.
1551 4487 1740 4549 Verumtamen
1753 4495 1775 4549 si
1794 4495 1902 4552 liaberet
1914 4498 2043 4571 cupidita·

1250 4580 1305 4630 tem
1318 4576 1425 4645 malam,
1442 4585 1522 4650 atque
1534 4589 1563 4635 ιιι
1587 4589 1633 4638 tuo
1652 4584 1735 4640 rerbo
1753 4593 1822 4652 utar,
1839 4603 1849 4639 t
1872 4588 2042 4658 cupiditatem

1249 4663 1386 4733 vitiorum,
1404 4686 1416 4720 ι
1431 4669 1465 4724 ab
1479 4667 1563 4740 ipsius
1575 4673 1710 4731 voluntate
1722 4675 1749 4730 in
1763 4676 1807 4732 iilo
1821 4691 1881 4734 csse
1894 4678 2040 4749 coepissot;

1248 4754 1310 4824 quia
1323 4771 1376 4811 non
1389 4772 1450 4814 cum
1459 4757 1504 4815 iila
1518 4769 1560 4816 est
1573 4770 1661 4831 natus,
1676 4774 1706 4820 ut
1718 4780 1777 4822 nos.
1794 4767 1832 4822 Ac
1846 4768 1962 4839 perboc,
1972 4768 2043 4824 iliius

1248 4844 1334 4899 virtus
1347 4845 1405 4902 baec
1426 4855 1495 4915 erat,
1511 4864 1569 4904 eam
1584 4866 1637 4906 non
1654 4850 1774 4911 babere:
1789 4865 1880 4911 nostra
1893 4856 1978 4913 virtus
1989 4868 2041 4920 est,

1249 4935 1274 4991 ei
1285 4950 1336 4990 non
1352 4939 1502 4994 consentire
1514 4956 1521 5007 ;
1535 4950 1562 4997 et
1574 4943 1600 4998 in
1611 4942 1662 4999 lroc
1674 4945 1864 5014 illumimitari,
1878 4950 2043 5022 utquemad·

1249 5025 1358 5080 modum
1375 5027 1431 5108 ipse
1446 5040 1585 5098 peccatum
1599 5048 1651 5089 non
1663 5032 1737 5105 lecit,
1751 5050 1811 5094 enm
1833 5055 1887 5094 non
1908 5040 2041 5104 habendo,

1249 5112 1285 5170 lta
1301 5130 1351 5172 nec
1366 5130 1416 5171 nos
1427 5115 1567 5188 iaciamus,
1582 5139 1635 5178 non
1649 5125 1674 5180 ci
1686 5109 1897 5194 consentiendo;
1912 5137 2043 5200 ctquctn·

1249 5203 1391 5260 admodum
1402 5207 1459 5275 ipse
1469 5225 1528 5265 eam
1539 5214 1621 5268 coluit
1633 5223 1660 5270 ct
1672 5219 1756 5286 potuit
1770 5233 1822 5273 non
1837 5219 1946 5288 babere,
1962 5221 2001 5277 sic
2010 5237 2041 5277 cr

1250 5312 1301 5353 nos
1324 5299 1448 5366 velimus,
1468 5304 1530 5373 quia
1552 5308 1707 5375 poterimus,
1730 5324 1832 5367 curere.
1856 5313 1920 5383 Ejus
1944 5314 2043 5386 quippo

1248 5388 1333 5458 gratia
1347 5404 1395 5444 nos
1406 5390 1528 5448 liberabit
1541 5394 1575 5449 dc
1589 5410 1700 5465 corpore
1716 5400 1812 5455 mortis
1822 5400 1911 5471 hujus,
1927 5401 1978 5459 ltoc
1990 5415 2040 5469 cst,

1248 5476 1283 5533 de
1301 5493 1383 5535 carne
1398 5486 1508 5552 peccati,
1530 5486 1575 5555 qui
1589 5487 1664 5542 seuit
1683 5486 1716 5544 ad
1731 5504 1782 5546 nos
1799 5491 1827 5546 in
1839 5493 2041 5551 similitudinem

1248 5569 1336 5625 carnis
1345 5573 1526 5653 praestines
1540 5574 1565 5630 in
1579 5591 1660 5635 carne
1675 5583 1788 5650 peceati.

1284 5660 1379 5717 xtttt.
1399 5662 1459 5721 lue.
1475 5665 1541 5723 'lam
1560 5666 1646 5739 gravi,
1673 5681 1702 5728 ut
1727 5690 1770 5731 res
1793 5675 1902 5741 indicat.
1917 5675 1944 5733 in
1960 5678 2039 5735 tidem

1248 5755 1633 5832 Catholicorumadulntione⁸,
1651 5781 1705 5823 non
1720 5767 1809 5824 solum
1829 5769 1895 5826 ninii
1914 5784 2040 5826 necessa·

1279 5892 1288 5963 f
1305 5892 1381 5943 tticia
1392 5895 1464 5944 ectitts
1481 5895 1606 5956 mmmm,
1618 5898 1643 5951 io
1654 5899 1748 5951 certon
1769 5911 1852 5950 nasus
1867 5899 1979 5962 reporta
1993 5913 2040 5952 ron

1247 5952 1330 6014 [ratssc.
1342 5957 1481 6005 Restituitur
1493 5970 1524 6006 ert
1535 5961 1711 6022 rnattuseriptis.

1280 6017 1289 6047 ⁸
1301 6016 1336 6065 :ic
1348 6026 1400 6066 ntss.
1414 6024 1441 6066 tt
1452 6018 1519 6076 etliti,
1528 6018 1633 6070 liaberet.

1280 6078 1289 6109 ³
1306 6078 1380 6127 editi:
1397 6087 1448 6128 tum
1459 6081 1574 6144 practico.
1585 6087 1611 6143 ut
1623 6092 1661 6131 ret
1676 6076 1895 6137 autentorum
1914 6086 2051 6143 cttvtaiieet.⁴
