4900 6892
403 642 471 696 19.ιὸ

401 756 473 820 idco,
490 755 607 825 inquam,
627 753 652 807 id
673 748 868 806 retractandum
889 745 986 815 putari.
1000 740 1035 796 Ut
1056 739 1134 808 igitur
1156 736 1191 789 sit

403 853 519 905 intentus
533 849 626 911 lector,
639 843 788 897 admoneo:
801 836 938 906 multiplici
953 834 1023 889 enim
1039 831 1096 883 linc
1110 840 1193 896 oppo-

402 941 464 996 sitio
476 952 573 1009 genere
587 936 746 989 destruetur.
761 930 798 984 lbi
813 930 902 997 itaque
916 926 959 980 ubi
974 918 1192 978 commemoratio

403 1032 517 1088 dbraltae
538 1029 575 1090 lit,
592 1037 618 1081 et
638 1025 718 1079 Sarra
740 1022 798 1091 ejus
820 1035 888 1074 ttttor
909 1017 1045 1079 inseritur,
1061 1012 1131 1066 'lulis
1152 1018 1193 1063 est

403 1128 501 1192 quippe
522 1119 587 1175 ordo
607 1118 747 1171 verborum
763 1131 769 1166 :
786 1111 851 1164 Fide
871 1110 913 1176 qai
935 1115 1038 1160 recator
1056 1101 1192 1164 dormtum,

403 1212 510 1265 obedivit
525 1210 551 1262 in
570 1208 651 1261 locam
666 1206 744 1267 crire,
760 1218 832 1273 quem
846 1208 993 1268 arrepturae
1006 1205 1058 1248 erut
1072 1194 1097 1245 t'n
1112 1192 1193 1244 ltere-

403 1305 524 1366 ιιιίιιιιιιι,Ι
538 1311 561 1354 ct
576 1300 644 1362 exiit,
658 1298 770 1352 nesciens
784 1310 832 1347 rao
849 1294 895 1345 iret
910 1307 920 1344 .·
933 1290 983 1358 pide
1000 1288 1144 1340 decimantur
1157 1290 1194 1336 eat

403 1413 430 1449 tn
444 1390 692 1464 terrepronn'rsionis
705 1402 824 1459 ronqnom
836 1385 862 1438 in
876 1383 969 1446 alieno,
982 1381 1007 1433 in
1019 1379 1111 1433 catalis
1122 1376 1194 1428 bobi-

404 1489 481 1541 tnado
495 1503 552 1540 cnm
570 1483 644 1538 lanae
664 1491 686 1534 et
705 1480 784 1534 tarot
803 1473 973 1531 coheredibus
992 1466 1193 1540 reprontisriotn's

404 1580 525 1650 ejusdent.
539 1572 705 1644 despectabat
724 1569 789 1623 enixa
809 1565 972 1638 {aadntnento
987 1560 1118 1614 babeatetn
1132 1555 1192 1609 ciri-

405 1682 491 1733 tntem,
502 1669 575 1738 cujas
587 1665 679 1735 artifex
688 1672 711 1715 ct
723 1657 836 1713 conditor
846 1656 922 1708 bens.
935 1651 958 1705 F
959 1652 1000 1705 ide
1011 1659 1034 1704 et
1047 1650 1104 1718 ipsa
1113 1647 1194 1701 Sarra

404 1760 497 1816 sterilis
514 1759 627 1811 uirtutem
648 1754 674 1806 ia
695 1749 855 1817 conceptione
875 1743 978 1799 seraint't
997 1741 1101 1810 accepit,
1120 1738 1194 1792 etiem

405 1862 496 1920 premar
510 1858 607 1916 tempas
620 1843 719 1908 celatim·
730 1841 848 1912 quonium
861 1837 960 1905 fidelem
973 1848 1026 1888 esee
1038 1831 1143 1886 credidit
1152 1829 1195 1899 tpti

405 1941 563 2012 prontisernt.
577 1935 684 2004 Propter
697 1931 764 2001 qaod
776 1931 806 1983 ab
819 1944 869 1982 ano
881 1926 930 1980 orti
942 1934 1009 1990 tunt,
1022 1933 1043 1976 et
1057 1923 1103 1975 boe
1115 1935 1195 1974 emor·

406 2045 458 2097 too,
473 2044 592 2098 tunquam
613 2028 695 2081 sidere
713 2024 767 2078 coeli
784 2023 811 2076 in
824 2018 993 2079 nndtitudine,
1008 2025 1031 2071 et
1044 2016 1106 2069 sicot
1118 2028 1195 2065 oreno

405 2139 461 2193 que
474 2132 510 2176 est
524 2120 558 2173 od
572 2135 643 2173 orani
657 2117 735 2169 arturis
749 2111 938 2167 innumerabilia
950 2106 1043 2178 (llebr.
1056 2121 1093 2170 ιι,
1104 2103 1193 2174 bib).

404 2213 471 2268 Cant
485 2228 548 2282 ergo
562 2219 703 2276 utrumque
713 2209 959 2260 commemorasset,
973 2198 998 2252 id
1011 2206 1062 2262 est,
1074 2205 1101 2250 et
1110 2195 1194 2249 Abra-

405 2304 466 2356 batn
481 2311 506 2356 et
519 2302 636 2359 Sacram,
650 2310 761 2363 enmono
776 2293 886 2347 dixisset
900 2290 959 2358 lege
971 2285 1115 2342 senectutis
1128 2282 1194 2338 elie-

406 2403 468 2453 tatn,
478 2392 524 2444 sed
541 2389 592 2441 lide
608 2388 730 2438 rirtntetn
741 2379 907 2450 concipiendi
919 2377 1028 2432 seminis
1041 2373 1192 2443 accepisse;

404 2498 498 2538 secare
511 2479 628 2534 subdidit
642 2477 676 2528 ab
690 2490 743 2527 tino
755 2481 830 2526 ortos
843 2479 881 2523 tot
894 2466 1023 2536 populos,
1043 2464 1088 2534 qui
1106 2462 1195 2517 multi-

405 2573 487 2629 tudini
510 2568 696 2624 cmdetacntur
717 2573 860 2618 astrorum.
876 2559 910 2615 tn
924 2573 988 2628 ergo
1003 2557 1096 2625 copula
1110 2569 1208 2625 expo·-

405 2672 513 2718 neretur
533 2669 686 2728 parentum,
701 2665 754 2708 tant
769 2651 853 2706 fidelis
864 2651 873 2682 ¹
885 2647 1047 2720 predicatio,
1063 2660 1140 2715 quam
1156 2643 1194 2699 rei

404 2763 485 2825 geste
507 2751 605 2806 veritas
629 2745 768 2816 imperarit
783 2762 789 2797 :
806 2752 833 2796 ιιι
850 2752 939 2796 autem
953 2739 987 2795 tle
1007 2738 1071 2807 ipsis
1091 2735 1194 2791 duobus

405 2849 431 2901 in
464 2840 695 2900 commendatione
728 2842 879 2907 propagate
913 2828 1107 2893 multitudinis,
1140 2841 1193 2881 non

405 2946 555 3004 utromque,
576 2931 623 2985 sed
644 2932 756 2984 alterum
775 2925 886 2989 diceret,
898 2937 941 2975 ars
954 2919 1086 2975 laudantis
1100 2916 1194 2970 admo-

405 3027 472 3081 nuit.
484 3023 596 3079 l'olebat
609 3020 707 3090 quippe
719 3014 870 3076 ostendere,
881 3021 952 3066 certa
968 3008 1034 3064 sides
1046 3022 1124 3077 quam
1138 3020 1194 3060 tna·

404 3134 454 3189 gna
479 3114 629 3176 tnerttissct,
649 3110 741 3163 dicens
761 3105 877 3159 xirtnte¹
889 3103 934 3156 Dei
950 3099 1122 3155 excedentem
1142 3112 1193 3151 nu-

405 3221 492 3262 meros
506 3202 699 3258 multitudinem
715 3203 900 3267 propagatam
914 3189 1139 3247 accommodatius
1159 3186 1193 3243 ad

405 3299 508 3355 laudem
523 3294 612 3365 operis
631 3292 689 3361 ejus
703 3303 762 3344 esse
778 3285 958 3357 perpendens,
973 3284 995 3336 si
1015 3297 1048 3336 ex
1066 3295 1118 3335 utto
1135 3294 1191 3343 eos,

404 3407 483 3459 qnam
505 3404 538 3443 ex
558 3385 661 3440 dnobus
681 3382 782 3436 diceret
804 3385 976 3449 procreatos;
997 3376 1111 3429 maxime
1131 3387 1192 3427 cum

405 3483 431 3534 itt
454 3479 539 3532 laudis
560 3482 702 3546 augmento
714 3472 735 3535 ⁸,
750 3484 827 3540 qoam
842 3469 950 3523 ultimus
970 3479 1058 3520 senno
1075 3463 1193 3518 cumula·

405 3575 460 3636 bat,
481 3570 581 3624 nullum
602 3575 673 3621 essct
690 3563 808 3618 historiae
827 3558 1005 3630 dispettdimtt,
1020 3571 1098 3626 quam
1114 3570 1193 3625 supra

405 3663 542 3728 utrimque
558 3673 677 3728 perseum
692 3652 945 3710 commemoratione
960 3649 1138 3719 suppleverat.

439 3754 507 3807 Aua.
518 3750 567 3814 Qui
582 3757 607 3801 te
621 3746 686 3799 nibil
700 3745 789 3798 dicere
802 3756 854 3796 non
870 3739 1001 3807 intelligit,
1014 3737 1077 3806 quid
1094 3735 1192 3790 intelli·

404 3852 448 3912 gat
461 3841 560 3895 neseio.
574 3839 682 3891 [litteras
695 3835 849 3902 Apostolum
866 3839 1005 3899 propterca
1018 3828 1127 3891 dixisse,
1141 3824 1192 3879 Per

405 3947 483 3983 anum
506 3927 631 3981 bominem
653 3933 781 3994 peccarunt
805 3919 903 3973 itttrneit
923 3918 948 3970 t‘tt
969 3916 1108 3979 ntrtttdttm,
1131 3915 1190 3985 quia

404 4018 554 4087 exetnplnm
587 4013 711 4085 peccandi
739 4011 819 4065 ltomo
850 4009 895 4062 ille
928 4006 1032 4061 caeteris
1057 4005 1191 4074 praebuit:

408 4130 417 4161 t
432 4109 497 4164 Nam
510 4110 532 4162 si
545 4104 754 4178 generationem,
770 4119 779 4152 ι
796 4099 899 4170 inquis,
915 4117 925 4150 t
939 4112 972 4152 eo
984 4097 1043 4152 loeo
1057 4097 1136 4151 vellet
1149 4095 1191 4150 in-

405 4201 496 4270 telligi.
507 4196 745 4260 l‘erduosdiccret,
758 4208 821 4255 non,
834 4205 963 4262 penitam
978 4207 988 4241 ι
1001 4187 1067 4260 (bib.
1076 4188 1102 4252 Ξ,
1115 4205 1191 4258 capp.

405 4293 450 4356 att,
466 4291 536 4361 183)
559 4287 746 4356 citropedes,
767 4284 789 4338 si
807 4281 958 4351 eretnplutn
971 4281 1051 4335 vellet
1064 4280 1190 4350 intelligi,

405 4386 455 4439 l‘er
469 4399 546 4437 iratam
559 4380 665 4443 diceret,
681 4392 744 4438 ooo,
755 4389 892 4446 perunum,
903 4386 982 4442 quam
997 4379 1102 4426 constat
1111 4371 1191 4424 etiam

405 4476 453 4546 ipsi
469 4475 525 4528 rito
537 4487 585 4527 sun
594 4470 745 4539 exemplum
757 4467 902 4536 prebuisse
914 4463 1050 4534 peccandi.
1062 4462 1115 4518 Sed
1128 4463 1189 4533 qnia

404 4566 574 4638 generatione
587 4569 723 4631 peceatum
736 4557 844 4611 intrarit
856 4557 882 4608 in
896 4555 1033 4617 mundum,
1048 4553 1104 4608 sola
1116 4568 1193 4624 rege·

405 4656 543 4711 iteratione
554 4649 711 4712 stipandum,
726 4647 787 4700 iden
798 4645 877 4709 dixit,
890 4659 934 4712 per
943 4660 1021 4696 atram
1032 4658 1041 4696 :
1053 4642 1113 4712 quia
1124 4643 1193 4697 sient
1224 4651 1229 4660 ⁴

406 4744 531 4802 immani*
547 4740 696 4810 exemplum
711 4735 810 4808 pcccati
824 4734 905 4804 ‹tmpit
917 4748 932 4786 a
945 4732 1053 4796 femina,
1064 4734 1103 4788 sic
1113 4747 1193 4802 gene-

405 4836 473 4891 ratio
491 4834 598 4903 eoepita
613 4830 685 4895 tiro;
703 4827 903 4896 conceptionem
917 4823 1013 4894 quippe
1030 4839 1090 4893 quac
1104 4823 1139 4879 ad
1151 4823 1191 4880 ic·

405 4925 502 4978 minata
525 4923 657 4990 pertinet,
680 4918 820 4974 seminatio
833 4930 893 4982 que
910 4913 944 4968 ad
956 4914 1041 4968 tirum
1056 4917 1189 4983 pertinet,

404 5013 477 5069 trullo
487 5011 624 5065 dubitante
638 5009 772 5078 praeeedit.
786 5006 838 5062 Sed
852 5021 916 5062 eece
928 5006 1063 5061 inventum
1077 5016 1119 5060 est
1132 5007 1190 5062 eri·

404 5101 587 5158 deotissimutn
601 5099 791 5159 testimonium,
805 5099 862 5152 sive
875 5113 890 5150 a
904 5107 929 5152 te
940 5098 1008 5167 ipso,
1022 5098 1079 5152 site
1092 5097 1126 5152 ab
1138 5097 1191 5153 alio

403 5192 448 5262 qui
468 5192 519 5246 boc
533 5189 579 5245 tibi
594 5188 715 5243 fortassis
728 5187 839 5255 objecit,
856 5187 901 5240 ubi
919 5188 978 5242 sine
993 5187 1046 5241 ulla
1063 5187 1191 5258 ambigui·

404 5292 459 5338 tate
472 5283 506 5338 ab
518 5296 571 5335 uno
583 5279 634 5334 orti
647 5278 710 5333 dieti
724 5285 787 5333 suut
799 5276 1016 5343 innumerabiles,
1031 5292 1091 5332 cnm
1105 5279 1190 5333 tirum

402 5381 430 5427 et
441 5372 581 5436 lerniuam,
596 5370 662 5427 duos
682 5369 773 5439 utiquc
791 5375 931 5437 parentes,
950 5377 980 5422 ut
995 5369 1130 5424 orirentur
1143 5369 1190 5423 lta·

403 5462 508 5516 buerint
520 5477 527 5513 :
541 5459 589 5513 sed
601 5459 752 5514 dictumest
765 5457 922 5521 rectissime,
934 5466 1041 5527 propter
1049 5458 1189 5514 exordium

402 5549 600 5620 generationis,
621 5549 691 5617 quod
711 5565 726 5603 a
750 5549 853 5604 semine
867 5548 916 5602 viri
930 5556 981 5604 est.
997 5549 1115 5618 lienique
1127 5564 1188 5604 cmu

403 5639 544 5695 laudabilia
557 5637 618 5692 bdei
631 5639 750 5706 exempla
763 5647 934 5707 proponeret,
943 5638 977 5691 ab
988 5638 1120 5708 ipsodbel
1130 5653 1188 5695 eoe·

403 5732 450 5802 pit,
466 5736 710 5785 etcomnternorato
723 5727 854 5783 Abrabam
876 5729 996 5798 pervenit
1016 5728 1049 5784 ad
1068 5729 1187 5786 Sarram.

434 5869 441 5897 ¹
455 5867 490 5915 sic
507 5872 560 5914 ttae.
574 5870 599 5913 tt
611 5866 690 5927 riga,
702 5857 818 5927 deeidam.

406 5960 408 5964 .
432 5928 443 5956 ⁸
459 5925 651 5986 elitimrrtatent.
663 5926 811 5988 exsugantur
819 5936 852 5974 ex
863 5931 916 5975 rtss.

434 5987 446 6026 Ι.
460 5990 495 6035 stc
504 5997 548 6037 atas
570 5989 626 6037 t'diti
639 5996 728 6044 autem,
742 5993 880 6052 crprtntnno

432 6055 443 6077 ·
455 6055 493 6096 ιιι.
508 6055 578 6106 tort..
591 6048 728 6098 ltttntmnmt.

736 633 857 691 OPElllS
876 625 1079 687 tttt‘t‘ttt'uc'tt
1094 620 1230 678 cttttttt
1250 618 1427 687 tbtttddtt,
1443 593 1478 677 ⁸8.
1499 622 1681 679 adcustttt

1958 630 2034 690 l288

1247 732 1305 787 bam
1320 735 1409 804 utique
1423 735 1456 789 ab
1469 736 1514 790 illo
1528 739 1686 803 transierat,
1702 748 1728 793 et
1747 738 1780 793 dc
1798 741 1855 809 tius
1866 744 1982 814 conjuge
1996 745 2038 801 lt>⁴

1245 823 1374 893 qucbatur
1387 844 1393 877 ι
1407 834 1434 879 et
1447 838 1603 881 tamencum
1617 828 1649 882 ad
1665 830 1864 884 memorandam
1882 836 2038 902 gottemtio·

1246 930 1307 968 netn
1322 914 1443 969 immensi
1456 919 1543 986 populi
1558 929 1664 973 rentum
1677 930 1763 984 esset,
1776 921 1810 974 ad
1824 922 1895 975 illum
1911 939 2039 981 reversus

1246 1014 1304 1066 est:
1320 1008 1380 1074 qnia
1396 1007 1440 1061 ille
1453 1007 1560 1076 genuit,
1578 1008 1648 1078 qnod
1670 1010 1714 1063 illa
1735 1013 1848 1081 peperit.
1863 1014 1995 1082 Quodsi,
2011 1027 2041 1072 ιιι

1246 1096 1387 1163 debueras,
1401 1100 1548 1167 cogitares,
1567 1115 1619 1152 non
1640 1100 1840 1169 blasphemares
1855 1104 1959 1160 lidelem
1975 1107 2038 1162 lidei

1247 1186 1459 1256 predicatorem,
1475 1190 1519 1258 qui
1533 1189 1638 1258 scripsit
1650 1190 1806 1259 Epistulam,
1819 1203 1845 1248 et
1858 1195 1962 1251 diceres
1975 1213 2039 1253 cum

1250 1297 1259 1330 t
1274 1288 1330 1332 arte
1345 1279 1431 1332 laudis
1443 1279 1618 1332 admonitum.
1635 1298 1644 1331 ι
1658 1282 1726 1347 Quid
1734 1282 1910 1350 admonitum,
1925 1289 2041 1356 quaeso?

1247 1382 1280 1422 an
1295 1378 1322 1423 ut
1337 1369 1509 1434 mentiretur,
1530 1370 1564 1424 ab
1584 1386 1637 1425 uno
1658 1385 1782 1426 asserens
1805 1382 1895 1442 ortos,
1918 1378 1965 1445 qui
1987 1379 2040 1432 orti

1246 1470 1309 1514 suot
1322 1475 1336 1513 a
1351 1459 1474 1516 duobus?
1488 1479 1498 1513 t
1514 1462 1741 1518 accorttntodatius
1757 1482 1767 1516 ι
1782 1465 1921 1532 videlicet,
1937 1478 1966 1522 ut
1980 1469 2040 1524 exi·

1246 1552 1348 1613 stitnas,
1365 1569 1375 1602 t
1390 1551 1415 1605 id
1428 1566 1489 1606 esse
1499 1553 1674 1621 perpendens,
1688 1552 1722 1607 ad
1734 1555 1836 1610 laudem
1849 1559 1937 1626 operis
1951 1560 2011 1613 lici.
2027 1579 2037 1613 r

1247 1644 1356 1699 blaltum
1369 1659 1462 1698 erras:
1479 1662 1531 1699 tion
1542 1646 1659 1700 delectat
1670 1647 1753 1702 ileum
1764 1648 1830 1703 salsa
1845 1651 1973 1707 laudatio.
1986 1653 2039 1708 So-

1248 1919 1382 1987 praebeas,
1402 1934 1454 1972 nota
1475 1917 1654 1982 laudatorem,
1672 1919 1719 1974 sed
1741 1919 1920 1988 adulatorem,
1935 1926 2040 1982 nescio.

1246 2008 1378 2079 Numquid
1394 2008 1453 2063 ideo
1467 2017 1493 2063 te
1510 2009 1569 2079 plus
1585 2009 1704 2063 amabit?
1724 2011 1836 2066 Prorsus
1855 2013 1956 2070 falleris
1971 2033 1980 2072 x
1995 2017 2040 2072 illa

1247 2116 1299 2156 non
1314 2112 1384 2156 amat
1398 2100 1542 2162 bominem,
1553 2101 1600 2155 sed
1612 2101 1689 2170 plane
1699 2102 1827 2168 stimulat,
1842 2115 1870 2159 ut
1883 2116 1955 2161 nutet
1964 2109 2040 2178 qnod

1246 2206 1336 2246 amare
1351 2191 1503 2247 nondebet.
1517 2191 1644 2247 stantem
1664 2202 1751 2261 potest
1771 2209 1938 2267 quocumque
1958 2199 2038 2257 locu·

1246 2283 1325 2337 tionis
1346 2283 1426 2338 modo
1446 2298 1499 2337 non
1519 2284 1691 2349 mendaciter,
1711 2285 1758 2339 sed
1773 2289 1902 2343 veraciter
1916 2288 1989 2358 dici,
2006 2304 2041 2347 ex

1247 2389 1299 2430 uuo
1319 2390 1379 2431 esse
1393 2386 1483 2443 ortos,
1504 2378 1548 2447 qui
1563 2379 1614 2432 orti
1629 2387 1691 2433 sunt
1709 2395 1743 2433 ex
1757 2380 1861 2436 duobus
1872 2400 1878 2436 :
1891 2397 1941 2438 cur
1959 2393 2042 2454 putas

1247 2467 1306 2524 ideo
1318 2470 1514 2539 generationem
1529 2486 1580 2525 ooo
1594 2473 1712 2540 potuisse
1726 2473 1869 2538 insinuari,
1881 2476 1925 2530 ubl
1935 2476 2040 2533 dictum

1246 2569 1297 2626 est,
1312 2559 1362 2614 Per
1373 2577 1451 2614 naum
1467 2562 1592 2616 laciniaem
1605 2571 1736 2632 peccatam
1748 2565 1851 2618 introiit
1860 2566 1886 2618 ta
1896 2567 2041 2633 mandatnm·

1245 2654 1306 2725 qnia
1321 2655 1456 2724 generatio
1470 2655 1500 2708 dt
1518 2671 1566 2724 per
1579 2655 1663 2722 duos,
1678 2672 1730 2711 non
1749 2672 1797 2728 per
1810 2662 1908 2713 nnitm?
1922 2658 1990 2715 Cum
2004 2661 2043 2715 sit

1245 2746 1367 2800 omnibus
1383 2756 1493 2814 ninum,
1512 2755 1558 2802 aut
1572 2763 1633 2802 eunt
1648 2749 1749 2818 potius,
1764 2760 1809 2804 aut
1825 2751 1896 2820 prius
1908 2768 2041 2823 generare

1245 2837 1289 2905 qui
1304 2837 1431 2901 seminat;
1443 2837 1566 2891 feminam
1578 2853 1642 2893 xero
1654 2849 1699 2893 ant
1713 2854 1765 2894 non
1778 2856 1913 2910 generare,
1926 2842 1974 2897 sed
1991 2858 2040 2912 pa·

1245 2941 1316 2990 rere,
1328 2934 1372 2980 aut
1384 2927 1406 2980 si
1418 2937 1445 2980 et
1460 2928 1515 2996 ipse
1528 2938 1620 2997 partus
1634 2939 1705 2984 recte
1717 2932 1849 3000 generatio
1859 2931 1911 2986 dici
1928 2942 2039 3002 potest,

1246 3016 1317 3085 prius
1331 3032 1390 3070 cam
1404 3017 1438 3071 de
1452 3019 1508 3071 niro
1522 3028 1667 3088 generante
1679 3021 1834 3089 concipere,
1849 3031 1877 3076 et
1890 3032 1984 3091 postea
1997 3023 2039 3079 le·

1246 3115 1300 3160 tnm
1324 3121 1401 3175 quem
1423 3118 1582 3176 conceperat
1603 3124 1741 3178 generare.
1757 3109 1872 3166 Proinde
1892 3113 2040 3181 Apostolus

1244 3199 1455 3268 comprecatam
1469 3201 1495 3253 in
1509 3200 1650 3265 muudum,
1669 3201 1741 3270 quod
1762 3200 1883 3257 Christus
1896 3218 2041 3272 regenera-

1245 3290 1316 3345 tione
1335 3290 1463 3355 dilueret,
1478 3293 1649 3360 generatione
1669 3291 1782 3347 intrasse
1802 3293 1882 3347 rellet
1905 3295 2038 3364 intelligi;

1245 3397 1290 3451 per
1303 3398 1381 3434 anam
1396 3365 1520 3434 liomiaem
1531 3381 1606 3447 dixit,
1622 3384 1666 3452 qui
1680 3392 1740 3437 tuae
1750 3384 1791 3437 rel
1806 3385 1878 3453 prius
1891 3385 1931 3439 rel
1948 3387 2041 3454 potius

1244 3475 1397 3545 generarit:
1411 3477 1556 3545 presertim
1570 3477 1641 3546 qnia,
1654 3486 1683 3529 nt
1690 3476 1745 3546 jam
1758 3477 1884 3544 diximus,
1895 3487 1922 3531 et
1938 3477 1986 3532 tibi
1999 3480 2041 3532 itt·

1243 3568 1402 3623 eulcandum
1415 3576 1465 3632 est,
1476 3569 1499 3622 si
1513 3569 1563 3623 ltoe
1576 3578 1683 3638 propter
1694 3571 1807 3639 exempli
1822 3570 1923 3626 diceret
1935 3572 2038 3641 prinei·

1244 3667 1350 3726 patum,
1374 3673 1511 3727 peronam
1524 3658 1641 3723 diceret,
1656 3675 1687 3714 ex
1703 3675 1753 3730 qua
1768 3661 1881 3730 primum
1895 3663 1921 3715 in
1937 3676 2040 3731 genere

1246 3748 1361 3802 bumana
1371 3747 1495 3816 peccandi
1507 3750 1635 3818 processit
1646 3750 1797 3818 exemplum
1808 3765 1816 3815 ;
1828 3758 1855 3804 et
1869 3750 1953 3820 magis
1966 3766 2040 3820 pre·

1245 3839 1505 3905 termitteretriram‚
1516 3855 1595 3908 quem
1608 3840 1727 3894 mulieris
1736 3840 1899 3910 exemplum,
1913 3851 1942 3895 ut
1955 3843 2039 3897 etiam

1245 3930 1302 4000 ipse
1316 3939 1437 3998 peccaret
1452 3929 1588 3996 imitando,
1603 3940 1712 3985 noverat
1725 3931 1909 3985 subsecutum.

1280 4020 1422 4076 LXXXVI.
1438 4020 1497 4077 lat.
1511 4022 1549 4076 Ad
1562 4022 1689 4077 llebraeos
1708 4038 1789 4093 ergo,
1805 4024 1849 4079 ubi
1871 4025 1905 4081 tle
1922 4040 2039 4096 genera·

1245 4112 1316 4167 tione
1328 4127 1416 4168 serato
1429 4122 1481 4179 est,
1496 4130 1527 4167 ea
1537 4130 1588 4167 aaa
1602 4114 1725 4168 dieantur
1740 4116 1814 4169 malti
1828 4118 1984 4172 exstitisse:
2001 4119 2037 4173 ad

1244 4202 1379 4258 Romanos
1397 4214 1502 4267 antem,
1517 4205 1561 4258 ubi
1575 4205 1610 4258 de
1624 4214 1734 4273 peccato
1748 4206 1893 4274 Apostolus
1907 4208 2038 4278 loquitur,

1245 4314 1289 4368 per
1307 4313 1385 4351 anino
1404 4297 1528 4350 lioaiinem
1551 4297 1588 4351 ait
1607 4299 1719 4352 intrasse
1743 4307 1897 4367 peceatum
1919 4314 1973 4369 quo
1987 4316 2038 4356 nu·

1245 4403 1319 4444 mero
1331 4389 1526 4443 absolutissime
1544 4403 1574 4443 se
1596 4388 1661 4443 nibil
1680 4388 1715 4444 de
1733 4390 1904 4459 generatione
1918 4391 2040 4448 sensisse

1244 4480 1389 4550 perdocuit.

1279 4573 1345 4626 buc.
1360 4570 1458 4624 tlontra
1473 4584 1517 4625 res
1531 4581 1636 4640 apertas
1649 4572 1688 4627 sic
1703 4571 1786 4641 loqui,
1801 4587 1854 4626 non
1869 4583 1928 4636 est,
1945 4581 1974 4627 nt
1986 4588 2039 4642 pa·

1245 4668 1294 4726 tas,
1306 4661 1455 4729 eloquentia
1464 4659 1614 4725 laudabilis,
1626 4662 1672 4716 sed
1687 4662 1849 4718 incredibilis
1859 4662 2036 4732 impudentia.

1279 4752 1431 4808 LXXXllll.
1446 4753 1505 4808 lut.
1523 4752 1571 4808 t'bt
1585 4762 1675 4808 antem
1693 4755 1727 4808 de
1742 4754 1848 4808 Cbristo
1862 4754 1971 4821 dieitur,
1985 4754 2038 4821 ert‘

1244 4845 1394 4911 sanctificat,
1403 4845 1631 4913 eiunctipicontar,
1641 4861 1730 4899 exarto
1740 4862 1826 4900 antaee
1836 4845 1929 4918 (Hebr.
1938 4862 1969 4912 tt,
1979 4848 2035 4917 lit:

1244 4954 1296 4992 troo
1311 4937 1345 4992 de
1356 4938 1450 5003 delam,
1466 4937 1514 4992 sed
1528 4937 1562 4992 de
1576 4938 1630 4993 beo
1642 4938 1726 5007 accipi
1738 4947 1836 5008 potest,
1847 4940 1925 5008 cnjus
1938 4941 2035 4996 virtute

1244 5027 1364 5082 Claristus
1378 5028 1522 5083 secuudum
1537 5043 1644 5083 earnem
1659 5028 1743 5083 lactus
1758 5040 1809 5094 est,
1821 5039 1849 5084 et
1858 5046 1938 5085 omne
1952 5046 2036 5100 genas

1244 5117 1388 5172 humanum
1400 5137 1407 5172 ε
1417 5127 1444 5172 et
1454 5133 1501 5188 per
1511 5117 1561 5173 ltoc
1571 5118 1603 5173 ad
1613 5117 1822 5174 labefactandam
1834 5120 2034 5190 intelligenti-tm

1243 5208 1377 5278 Apostoli,
1393 5222 1444 5278 qua
1458 5207 1525 5262 dixit
1538 5224 1585 5276 per
1598 5223 1679 5263 unum
1695 5209 1829 5264 bominem
1842 5220 1980 5279 peccatum
1996 5211 2035 5263 in·

1244 5307 1327 5353 trasse
1340 5298 1366 5352 io
1380 5297 1518 5362 anundum,
1529 5299 1641 5353 aliorum
1654 5300 1801 5354 similitudo
1814 5303 1958 5355 verborum
1969 5302 2033 5354 nibil

1243 5391 1326 5461 quirit
1338 5390 1433 5445 allerre
1445 5392 1581 5446 momenti.
1594 5391 1700 5446 llrereat
1714 5401 1801 5447 tameo
1816 5393 1840 5447 id
1853 5393 1924 5462 qnod
1943 5394 2033 5461 seqni-

1243 5495 1286 5540 tur
1300 5487 1414 5540 maxime
1426 5485 1562 5554 prudentis
1573 5485 1662 5539 aolino
1675 5486 1791 5552 lectoris,
1806 5495 1835 5540 nt
1847 5487 1976 5555 intelligat
1992 5504 2034 5542 nte

1242 5574 1370 5631 hactenns
1383 5577 1466 5630 multo
1480 5577 1616 5632 remissius
1630 5592 1709 5647 quam
1729 5593 1772 5631 res
1786 5580 1948 5648 postulabat,
1962 5581 2032 5650 egis·

1242 5681 1281 5721 sc.
1295 5667 1427 5721 l‘atiamur
1441 5667 1548 5736 qnippe,
1562 5677 1588 5731 ut
1599 5668 1721 5737 plurimis
1734 5669 1895 5722 testimoniis
1905 5669 2034 5723 doceatur

1241 5760 1522 5829 generationemque
1536 5758 1586 5811 nisi
1601 5773 1648 5827 per
1658 5757 1726 5812 duos
1741 5760 1796 5813 lieri
1811 5774 1864 5813 non
1876 5769 1938 5828 pote
1947 5767 1974 5815 t.
1989 5761 2032 5831 agl

1243 5858 1330 5903 tamen
1343 5849 1422 5922 etiam
1432 5864 1478 5916 per
1488 5864 1568 5903 nuutn
1582 5848 1669 5903 solere
1680 5849 1741 5903 dici.
1754 5849 1849 5905 l'crum
1862 5850 1927 5904 niltil
1942 5850 2032 5921 opinio

1243 5938 1359 5992 traducis
1383 5938 1545 6006 promovebit
1561 5957 1569 5993 a
1583 5938 1650 5994 cur?
1668 5937 1797 5994 Videlicet
1816 5939 1877 6009 quia
1897 5941 1948 5994 alia
1970 5949 2033 5994 satit

1245 6043 1303 6098 quae
1318 6027 1435 6095 altnsire,
1447 6030 1496 6082 alia
1508 6044 1567 6099 quae
1585 6029 1691 6101 propn'e
1710 6030 1821 6087 dicimus
1833 6048 1840 6084 :
1851 6045 1915 6102 ergo
1927 6046 1959 6087 ea
1969 6045 2031 6102 qne
