4900 6892
400 681 471 735 idib

397 810 450 864 qua
465 791 546 861 quod,
559 790 682 855 creditis,
699 790 818 845 corrittert
830 790 948 860 possitis.
968 808 977 841 ι
998 789 1073 845 Dabit
1091 789 1182 849 enim,

399 895 489 938 certus
501 899 574 947 sum;
586 884 630 951 qni
645 882 717 937 dedit
729 882 800 952 ιμιοιι
812 884 925 952 primurn
935 891 986 946 est,
996 880 1068 935 dabit
1078 878 1183 949 etqmtd

398 975 544 1029 secuudum
562 984 603 1030 est
627 993 636 1027 ι
662 973 819 1044 (Gregorius
839 972 1036 1038 Nazianzenus,
1058 969 1130 1025 Orat.
1151 971 1186 1025 ιι

398 1067 425 1118 in
446 1065 641 1138 Perirecorten);
661 1066 705 1136 qtti
729 1065 802 1120 dedit
823 1064 955 1131 eredere,
975 1063 1046 1118 dabit
1069 1070 1096 1117 et
1118 1076 1186 1116 coo·

399 1154 483 1210 dteri:
790 1215 792 1219 ¹

436 1247 480 1300 to.
494 1246 535 1300 lsti
547 1245 612 1300 tales
623 1244 995 1314 tantiqnedoctorcsdiccntcs
1006 1256 1058 1296 ιιοιι
1069 1256 1127 1297 esse
1137 1242 1187 1296 ali·

398 1336 472 1405 qaid,
483 1335 516 1390 de
528 1352 580 1407 quo
593 1345 715 1404 tanqtrant
726 1335 759 1390 de
773 1345 874 1399 nostro,
883 1334 954 1404 qood
966 1334 1042 1388 nobis
1054 1334 1123 1388 lleus
1133 1349 1185 1388 uun

398 1425 517 1489 «ludent,
534 1426 693 1495 gloriemur;
710 1440 757 1480 nee
771 1426 856 1493 ipsum
871 1440 918 1478 cor
935 1433 1053 1478 nostrum
1068 1433 1095 1477 et
1110 1423 1183 1492 cogi·

399 1518 514 1570 cationes
530 1525 633 1570 nostras
653 1517 680 1570 in
703 1525 832 1585 potestate
856 1525 944 1569 austra
960 1528 1036 1581 esse;
1056 1522 1186 1569 ettotam

398 1605 493 1659 uirtutes
510 1605 579 1667 lieo,
594 1615 672 1674 utpute
687 1605 721 1658 ab
736 1605 794 1676 ipso
813 1620 861 1659 uos
874 1605 994 1673 accipere
1008 1606 1185 1670 conitentes,

400 1707 429 1749 nt
449 1698 613 1764 permansuri
628 1704 814 1750 convertamur
829 1696 860 1750 ad
881 1711 959 1759 enm;
974 1705 1002 1748 ιιι
1015 1694 1040 1749 id
1053 1693 1123 1764 utrod
1138 1694 1187 1748 bo-

399 1801 464 1840 num
480 1794 537 1850 cst,
558 1784 633 1839 nobis
646 1801 750 1855 qtroqoe
769 1784 889 1839 videatur
903 1785 1020 1851 bonum,
1036 1793 1062 1838 et
1077 1785 1187 1838 velimus

401 1875 482 1939 iliud,
500 1884 527 1928 ut
538 1876 698 1929 honoremus
710 1877 791 1930 Deum
802 1918 809 1941 ,
821 1883 847 1929 et
860 1874 1018 1943 recipiamus
1029 1873 1165 1929 Citristum
1178 1915 1186 1939 ,

400 1975 429 2019 ιιι
443 1981 475 2019 ex
492 1966 621 2020 indevotis
634 1966 781 2020 ciliciantur
796 1966 882 2020 devoti
896 1976 922 2020 et
934 1966 1098 2035 t'cligiusi,ttt
1113 1967 1137 2019 in
1149 1966 1189 2034 i,÷·

400 2071 458 2119 sam
474 2054 629 2109 Trinitatem
644 2056 793 2120 credamus,
806 2064 832 2110 et
847 2055 1022 2110 confiteamur
1034 2056 1112 2110 etiam
1124 2070 1188 2112 voce

401 2147 471 2213 «pund
486 2148 618 2200 credimus
634 2163 641 2198 r
660 2146 716 2201 iace
731 2147 820 2214 ntique
831 2146 923 2216 gratie
934 2145 980 2200 Dei
994 2145 1125 2210 tribuunt,
1142 2145 1187 2198 liei

402 2251 511 2290 tmurera
531 2247 694 2306 agnoscunt,
709 2237 742 2290 ab
758 2237 815 2305 ipso
829 2236 921 2302 uoltis,
936 2251 987 2290 ιιοιι
1003 2251 1017 2289 a
1034 2235 1109 2290 nobis
1128 2250 1188 2291 esse

402 2335 543 2383 testantur.
556 2327 686 2398 Ntnnqoid
699 2339 785 2383 autem
798 2329 936 2398 quisquam
949 2342 995 2382 eos
1009 2328 1126 2382 dicturus
1136 2337 1187 2389 cst,

402 2418 438 2470 ita
452 2416 588 2473 confessos
602 2419 679 2472 istam
693 2417 738 2472 lici
758 2423 886 2488 gratiam,
908 2427 936 2470 ut
949 2417 1078 2471 auderent
1093 2432 1190 2486 negare

401 2509 460 2578 ejus
474 2511 684 2578 prescientiam,
700 2524 778 2578 quam
792 2524 844 2562 ιιοιι
859 2509 944 2561 solutu
957 2508 1027 2562 docti
1039 2550 1046 2572 ,
1058 2508 1104 2562 sed
1115 2508 1190 2561 iudo·

400 2600 438 2653 cti
452 2601 532 2653 ctiam
551 2598 730 2653 errnbtcntur‘i
744 2597 826 2651 Porro
845 2597 866 2650 si
881 2597 938 2650 lucc
957 2597 1087 2651 italicum
1108 2611 1190 2652 uore-

399 2697 467 2743 raot
490 2689 571 2754 darre,
587 2696 615 2741 nt
630 2703 681 2742 uon
704 2687 856 2757 ignorarent
868 2702 928 2741 eom
947 2687 1069 2741 daturum
1084 2703 1114 2742 se
1132 2702 1191 2743 esse

401 2781 561 2849 prascisse,
575 2788 601 2834 ct
614 2778 709 2846 quilius
727 2778 836 2831 daturus
848 2786 919 2832 esset
932 2793 983 2832 nou
999 2779 1117 2848 potuisse
1142 2794 1190 2833 uc·

403 2871 473 2924 scire
484 2886 490 2932 ;
505 2868 594 2938 procui
605 2868 686 2921 dubio
697 2878 821 2921 noverant
837 2866 1103 2944 praedestinationem,
1111 2883 1190 2937 uitam

404 2978 453 3032 per
462 2963 480 3014 b
486 2959 600 3029 postolos
610 2958 776 3029 predicatum
788 2967 878 3011 cotttra
887 2970 970 3011 noros
981 2955 1192 3026 ltnreticosope-

405 3054 492 3107 rusius
504 3052 708 3122 diligentiusque
718 3048 882 3105 defendimus
895 3066 901 3101 :
914 3065 963 3103 nce
974 3059 1061 3104 tumen
1076 3050 1115 3104 eis
1127 3050 1191 3104 olte-

404 3143 529 3197 dienliam
543 3140 757 3211 praedicantibus,
769 3140 836 3194 etad
848 3154 906 3194 eam
917 3140 985 3194 sicut
996 3141 1106 3210 quisque
1119 3149 1193 3210 pote·

405 3245 447 3287 rat
455 3231 586 3288 serventur
595 3232 770 3296 irortautiluts,
781 3232 921 3286 ullomodo
930 3232 1151 3299 recrediceretur,
1163 3232 1192 3288 Si

405 3340 459 3379 non
471 3323 743 3386 vuitisoberlientiam,
753 3323 785 3376 ad
794 3338 871 3392 utram
884 3338 932 3376 nos
943 3323 1097 3390 accenditis,
1109 3323 1133 3376 iu
1146 3339 1193 3376 tto-

406 3424 463 3467 stro
478 3415 556 3469 cortic
570 3413 727 3482 frigescere,
745 3413 827 3467 nolite
840 3413 916 3468 nobis
929 3412 1004 3466 istam
1021 3412 1067 3467 ilci
1081 3411 1193 3482 gratiam

408 3505 569 3574 praedicare,
584 3521 634 3574 urta
651 3505 734 3559 iteum
747 3504 809 3557 dare
825 3503 940 3556 latentioi
952 3544 960 3570 ,
974 3519 1032 3572 rpuc
1053 3513 1080 3555 ut
1092 3519 1140 3556 tros
1154 3504 1193 3555 la-

406 3595 509 3649 ciamus
524 3593 674 3648 hortamini.

443 3683 556 3739 CAPUT
569 3683 628 3738 XX.
644 3713 679 3723 -
693 3683 736 3738 st.
752 3682 928 3750 Quanmbrem
939 3680 961 3734 si
974 3692 1000 3736 et
1014 3680 1150 3749 Apostoli,
1168 3688 1195 3735 ct

408 3776 532 3831 doctores
545 3774 671 3828 Ecclesia
681 3773 724 3842 uiti
739 3773 778 3828 eis
792 3781 976 3827 sncccsscruut
989 3787 1086 3841 cosque
1101 3771 1194 3824 imitati

410 3874 489 3929 saint,
511 3874 653 3932 utrmmpte
669 3862 813 3925 iniciunt,
837 3861 932 3926 idest,
947 3870 973 3917 et
994 3862 1039 3916 Ilei
1061 3861 1193 3932 gratiam,

410 3972 470 4025 uun
485 3971 537 4007 mm
560 3953 705 4008 secundum
728 3952 821 4006 nterita
844 3961 933 4006 nostra
948 3952 1041 4018 datur,
1066 3953 1195 4006 veraciter

410 4046 608 4118 praedicabant,
623 4053 649 4098 et
665 4044 733 4112 piam
746 4042 922 4096 obedientiam
934 4042 1073 4112 praeceptis
1085 4041 1196 4096 salubri-

411 4138 462 4192 lms
477 4135 641 4190 instruebant
656 4153 662 4186 :
680 4134 741 4204 qrtid
755 4132 876 4202 estquod
889 4132 987 4186 invicta
1007 4131 1124 4186 conclusi
1139 4131 1196 4186 vio·

412 4228 492 4281 leutia
506 4225 624 4281 veritatis
637 4236 708 4279 reete
721 4239 751 4278 se
764 4223 806 4276 isti
826 4223 907 4277 nostri
923 4222 1012 4276 dicere
1025 4221 1195 4289 existimant,

414 4334 424 4367 ι
446 4317 503 4370 Etsi
515 4331 606 4369 verum
617 4323 657 4369 est
671 4312 743 4384 qued
758 4312 854 4368 dicitur
866 4311 899 4366 de
910 4310 1140 4380 praedestinatione
1152 4310 1198 4366 be·

413 4408 697 4468 rreitciorumliei,non
710 4414 846 4461 esttamen
860 4403 963 4473 populis
977 4401 1171 4471 praedicandum
1186 4420 1195 4454 ι

414 4501 561 4573 (Supraiu
581 4499 692 4569 epistolis
704 4497 822 4567 Prosperi
833 4507 854 4550 et
871 4493 985 4561 iliiurii).
1000 4492 1198 4547 Pranlicamlnut

414 4601 456 4645 cst
467 4606 585 4660 prorsus,
597 4598 625 4644 ut
636 4590 679 4659 qui
693 4589 772 4642 ltalrct
787 4602 863 4640 anrcs
874 4585 1007 4651 audietuli,
1021 4584 1111 4637 audiat
1124 4582 1198 4653 (Luc.

414 4699 460 4737 van
472 4725 479 4747 ,
493 4683 530 4754 ιι).
544 4683 609 4751 Quis
621 4692 709 4735 autem
726 4680 819 4743 inaltet,
837 4677 858 4732 si
872 4693 923 4731 unu
936 4675 1039 4746 accepit
1053 4675 1085 4728 ab
1097 4674 1142 4729 illo
1154 4673 1199 4743 qui

416 4778 461 4836 ait,
475 4775 543 4829 Dabo
552 4775 587 4828 eis
597 4785 641 4827 cor
653 4771 817 4844 cognoscendi
826 4787 874 4834 ote,
884 4779 907 4823 ct
919 4785 990 4821 eures
1003 4767 1130 4828 audientur
1140 4763 1202 4836 (uu-

415 4868 480 4920 recu
495 4882 529 4929 ιι,
546 4865 611 4936 isli?
622 4865 699 4918 Certe
714 4862 757 4931 qui
775 4875 826 4914 nou
846 4859 946 4929 aceepit
957 4860 982 4923 ¹,
999 4857 1100 4927 rejiciat
1115 4873 1121 4907 z
1138 4853 1200 4934 dum

418 4968 506 5010 tattreu
521 4957 564 5025 rpd
579 4954 659 5024 cipit,
674 4960 760 5007 sumat
773 4958 799 5005 et
812 4950 894 5014 bibat,
910 4948 982 5001 bibat
993 4953 1020 5000 et
1032 4947 1111 4999 rirat.
1129 4944 1204 4999 Sicut

418 5051 491 5104 cuim
505 5046 671 5116 praedicanda
685 5052 725 5098 est
738 5043 831 5111 pietas,
842 5048 871 5093 nt
883 5039 916 5093 alt
929 5052 961 5092 co
974 5037 1017 5107 utri
1034 5036 1112 5090 lrabct
1125 5046 1203 5088 aures

418 5137 561 5205 audiendi,
577 5137 647 5190 licus
661 5142 732 5189 reete
748 5132 865 5194 colatur3
886 5127 1051 5198 praedicanda
1066 5134 1106 5179 est
1128 5122 1204 5192 pudi-

419 5233 497 5296 citia,
512 5237 542 5282 nt
553 5227 586 5281 alt
602 5239 635 5281 eo
648 5224 692 5294 uui
705 5221 785 5277 ltabct
799 5235 875 5273 niues
894 5215 1035 5281 audiendi,
1051 5213 1114 5268 nibil
1130 5212 1205 5280 geni·

421 5321 516 5375 talibus
538 5317 665 5375 membris
689 5312 806 5368 illicitum
830 5317 1014 5380 perpclrctnr;
1040 5302 1206 5376 predicanda

420 5422 463 5468 est
484 5411 615 5474 charitas,
641 5414 669 5460 nt
691 5405 724 5460 ab
746 5402 840 5472 coqui
861 5401 940 5454 babet
963 5413 1040 5454 aures
1062 5395 1205 5462 audiendi,

423 5507 493 5560 llens
514 5510 541 5557 et
563 5500 697 5570 proximus
716 5495 861 5564 diligatur:
878 5491 913 5546 itu
933 5489 1098 5560 praedicanda
1119 5497 1159 5542 cst
1180 5497 1207 5542 ct

423 5597 472 5648 ista
494 5589 691 5662 predestinatio
713 5582 901 5639 beneficiorum
924 5579 989 5646 lici,
1012 5586 1039 5634 ut
1063 5577 1107 5646 qrti
1130 5575 1208 5630 liniret

422 5697 501 5737 aures
515 5679 660 5744 audiendi,
676 5691 727 5731 ιιοιι
743 5674 769 5728 ιιι
784 5687 813 5727 se
828 5671 904 5742 ipso,
920 5669 967 5724 sed
983 5669 1009 5723 in
1026 5667 1137 5721 bortrino
1148 5664 1209 5735 glo-

423 5779 516 5831 ticttrr.

461 5865 504 5920 52.
525 5860 599 5928 erod
615 5868 701 5913 nartem
717 5862 827 5919 uteuut,
845 5872 854 5905 ι
868 5868 919 5908 ιιοιι
934 5864 999 5920 opus
1018 5847 1099 5902 inisse
1119 5845 1210 5915 lurjrts·

426 5959 529 6015 eernodi
544 5949 729 6022 disputationis
742 5948 843 6002 incerto
859 5946 945 6000 minus
958 5939 1158 6011 intellgendum
1174 5944 1211 5991 tot

460 6091 468 6119 ¹
486 6084 623 6136 noalliensis
638 6091 688 6140 ns..
701 6091 745 6129 ιιοιι
757 6076 828 6142 rupit.

911 676 1009 730 illidii
1032 677 1074 730 lle
1094 676 1182 731 00Νο
1202 677 1506 738 inluminabit-P.

1958 683 2025 739 luat

1239 791 1320 845 eorda
1333 793 1430 846 turbari
1445 810 1452 845 z
1467 794 1589 863 quantiam
1602 808 1656 848 non
1669 793 1755 848 minus
1769 795 1869 850 utiliter
1893 797 1951 852 siue
1974 799 2024 854 laac

1239 878 1391 935 delinitione
1401 881 1637 950 praedestinationis
1651 898 1699 951 per
1715 891 1753 937 tot
1766 899 1850 940 aunos
1863 884 1970 940 delcusa
1983 896 2025 943 est

1238 969 1365 1024 catholiea
1381 971 1466 1036 lidos,
1483 981 1537 1026 tom
1550 982 1643 1027 contra
1657 974 1742 1038 aiios,
1759 983 1812 1028 tum
1829 975 1944 1031 maxime
1957 991 2022 1032 eou-

1240 1067 1278 1113 tra
1292 1061 1464 1129 Pelagianos,
1480 1071 1518 1117 tot
1537 1063 1725 1117 etttolieomm
1747 1072 1775 1117 et
1792 1064 1903 1118 aliorum
1926 1074 1953 1119 et
1972 1081 2023 1120 uo·

1238 1151 1301 1205 stris
1314 1151 1522 1218 praecedentibus
1535 1153 1608 1208 libris
1621 1173 1629 1205 t
1643 1152 1754 1224 (Supte,
1764 1155 1789 1208 iu
1801 1156 1906 1223 epistole
1920 1155 2024 1223 liilerii,

1239 1259 1266 1295 u.
1280 1244 1307 1308 8,
1324 1243 1372 1297 col.
1392 1242 1541 1313 salassi:
1562 1245 1671 1298 inultum
1689 1245 1829 1300 utiroreos
1846 1245 1956 1311 dicere,
1975 1261 2026 1303 uec

1239 1332 1394 1399 abcedere,
1410 1341 1439 1387 ut
1451 1331 1485 1388 de
1502 1334 1562 1388 aliis
1584 1333 1627 1388 hic
1645 1342 1766 1399 taceam,
1785 1333 1857 1403 ipsos
1876 1335 1958 1390 libros
1974 1351 2026 1391 no·

1240 1433 1310 1477 stros
1319 1432 1346 1478 ct
1359 1433 1501 1494 autequam
1513 1424 1644 1492 Pelagiani
1654 1438 1783 1492 apparere
1794 1425 1947 1492 coepissent,
1961 1440 2027 1481 cou-

1240 1515 1352 1583 scriptos
1366 1523 1393 1569 et
1407 1514 1492 1569 editos
1504 1556 1512 1581 ,
1526 1523 1552 1570 et
1563 1515 1651 1569 videre
1661 1530 1739 1583 unam
1754 1516 1843 1569 uiuitis
1853 1530 1944 1570 eorum
1958 1516 2024 1573 loeis

1241 1605 1354 1661 suturam
1371 1607 1519 1662 nescientes
1530 1607 1695 1676 Pelagiauam
1709 1606 1830 1660 ltaercsim
1841 1607 2025 1674 cedebamus,

1241 1695 1409 1764 praedicando
1421 1697 1554 1766 gratiam,
1570 1712 1622 1765 una
1643 1711 1691 1750 nos
1708 1697 1777 1750 licus
1796 1695 1891 1750 liberat
1910 1711 1925 1750 a
1949 1697 2026 1754 ntalis

1240 1787 1375 1840 erroribus
1388 1796 1416 1841 et
1428 1787 1547 1841 moribus
1559 1786 1657 1841 nostris
1669 1826 1676 1852 ,
1690 1800 1742 1838 ιιοιι
1755 1785 1964 1853 precedentibus
1977 1785 2026 1839 bo·

1240 1877 1281 1930 uis
1296 1876 1397 1931 meritis
1410 1878 1508 1931 nostris
1522 1918 1529 1943 ,
1545 1874 1646 1931 iaciens
1660 1877 1710 1930 lroc
1723 1874 1870 1931 secuudum
1883 1875 2026 1944 gratuita·

1241 1968 1448 2023 misericordiam
1463 1983 1548 2023 suam,
1562 1966 1637 2033 Quod
1652 1967 1756 2037 plenius
1768 1981 1862 2035 sapere
1873 1966 1942 2036 coepi
1954 1967 1981 2022 ιιι
1993 1981 2026 2023 ea

1240 2059 1434 2128 disputatione,
1448 2075 1526 2128 uttam
1540 2059 1633 2126 scripsi
1649 2058 1681 2112 ad
1701 2057 1784 2112 beate
1803 2058 1938 2112 memorie
1955 2057 2027 2113 Sim·

1241 2152 1380 2221 plicianum
1392 2152 1545 2223 episcopum
1556 2149 1761 2205 liediolanensis
1773 2150 1898 2203 Ecclesiae
1909 2191 1917 2214 ,
1933 2150 1959 2203 iu
1971 2149 2027 2205 mei

1240 2245 1406 2313 episcopatus
1419 2242 1547 2307 exordio,
1562 2240 1668 2311 qnando
1688 2249 1715 2295 et
1734 2240 1837 2294 initium
1852 2237 1912 2294 ildei
1927 2236 2027 2294 ιιοιιιιιιι

1241 2335 1289 2390 Dei
1304 2350 1363 2390 esse
1377 2335 1508 2404 cognovi,
1524 2344 1551 2388 ct
1565 2333 1678 2386 asserui.

1277 2426 1321 2480 55.
1341 2424 1407 2492 Quid
1422 2432 1510 2478 autern
1525 2437 1644 2477 meorum
1658 2421 1845 2489 opusculorum
1866 2418 2028 2489 frequentius

1242 2525 1270 2570 et
1283 2514 1462 2569 delectabilius
1477 2513 1643 2566 innotescere
1657 2510 1759 2580 potuit,
1783 2525 1861 2579 qttam
1875 2509 1934 2563 libri
1956 2509 2028 2564 Con·

1244 2606 1386 2661 sessionum
1400 2603 1536 2658 mearum?
1547 2602 1612 2657 Cum
1624 2609 1651 2655 et
1665 2601 1737 2671 ipsos
1748 2599 1874 2654 ediderim
1887 2607 2027 2669 autemnam

1244 2695 1385 2767 Pelagiana
1399 2694 1509 2748 ltaercsis
1523 2692 1667 2747 exstitisset
1680 2707 1687 2754 ;
1702 2691 1728 2743 io
1749 2691 1788 2743 eis
1806 2701 1877 2744 certe
1896 2690 1950 2743 dixi
1972 2689 2029 2744 beo

1243 2794 1354 2846 nostro,
1370 2791 1397 2836 ct
1409 2797 1479 2851 saepc
1490 2781 1545 2836 dixi
1558 2800 1564 2835 :
1581 2799 1590 2830 ι
1607 2781 1643 2833 Da
1657 2778 1727 2848 qnod
1738 2779 1815 2848 jubes
1827 2819 1833 2841 ,
1846 2788 1873 2833 ct
1882 2778 1944 2848 jube
1956 2777 2028 2848 quod

1242 2873 1282 2928 ris
1300 2890 1310 2924 t
1326 2872 1335 2943 (
1350 2871 1406 2926 ιιι.
1422 2872 1472 2937 lo,
1487 2887 1563 2942 capp.
1577 2870 1670 2936 lu,5l
1685 2909 1693 2933 ,
1715 2870 1748 2924 57
1764 2870 1782 2934 i.
1796 2868 1860 2934 Quae
1875 2882 1933 2922 mea
1949 2867 2029 2923 verba

1243 2962 1366 3033 Pelagius
1378 2962 1487 3026 Romae,
1502 2976 1563 3016 cum
1577 2974 1591 3013 a
1606 2959 1720 3030 quodam
1736 2958 1818 3012 iratre
1831 2969 1858 3012 et
1871 2957 2030 3027 coepiscopo

1244 3069 1303 3108 ttteo
1319 3052 1429 3107 luissent
1443 3067 1476 3105 eo
1498 3058 1630 3121 prasente
1651 3055 1877 3110 commemorata,
1893 3045 1963 3102 icrre
1976 3058 2030 3101 οοιι

1246 3143 1351 3212 potuit,
1368 3149 1395 3196 et
1407 3139 1593 3196 contradicens
1611 3138 1746 3208 aliquanto
1765 3135 1943 3200 commotius,
1962 3149 2031 3204 pene

1244 3247 1305 3286 cnm
1318 3230 1407 3300 coqui
1422 3230 1464 3283 illa
1479 3235 1734 3284 commemoraverat
1746 3225 1865 3294 litigavit.
1886 3223 1954 3292 Quid
1967 3239 2031 3279 rero

1244 3320 1366 3390 priruitus
1378 3327 1405 3375 et
1419 3318 1532 3372 maxime
1548 3318 1617 3372 bens
1633 3315 1727 3387 jubet,
1743 3314 1793 3368 nisi
1809 3321 1837 3367 nt
1850 3313 1989 3368 credamus
2003 3312 2030 3368 iu

1245 3435 1305 3474 curn
1317 3418 1329 3472 i
1345 3419 1378 3472 Et
1390 3417 1441 3473 ltoc
1453 3430 1517 3486 ergo
1531 3415 1588 3485 ipsc
1602 3412 1647 3467 dat
1660 3452 1668 3477 ,
1682 3409 1785 3466 sibene
1804 3409 1839 3462 iili
1858 3408 1956 3463 dictum
1970 3415 2010 3462 est
2022 3446 2031 3471 ,

1247 3531 1258 3565 ι
1275 3513 1312 3566 lla
1326 3509 1395 3578 ottod
1407 3508 1495 3578 jubes.
1511 3526 1521 3559 r
1536 3505 1569 3558 Et
1582 3508 1608 3557 iu
1621 3501 1722 3556 eisdem
1735 3501 1814 3555 etiam
1829 3498 1903 3552 libris
1915 3495 1984 3567 qnod
1996 3494 2034 3551 de

1247 3618 1304 3658 mea
1318 3600 1490 3656 conversione
1503 3596 1606 3650 narrari
1622 3592 1698 3664 (tiu.
1710 3593 1742 3657 3,
1762 3607 1836 3660 capp.
1857 3589 1907 3654 ll,
1931 3588 1984 3654 lt,
2007 3597 2032 3641 et

1246 3695 1291 3749 ιιι.
1306 3695 1339 3761 9,
1350 3710 1407 3762 cup.
1423 3691 1472 3760 8),
1486 3689 1541 3743 lieo
1554 3702 1597 3741 me
1610 3691 1780 3742 convertente
1800 3682 1833 3735 ad
1856 3696 1914 3736 eam
1934 3681 2032 3745 idem,

1247 3800 1325 3853 uuam
1335 3779 1483 3836 miserrima
1494 3788 1520 3833 et
1532 3775 1703 3831 furiosissima
1712 3773 1869 3840 loquacitate
1880 3769 2033 3838 vastabam,

1248 3889 1336 3928 noune
1352 3873 1386 3926 ita
1403 3877 1536 3925 narratum
1551 3881 1609 3922 esse
1624 3863 1801 3928 meministis,
1816 3872 1844 3915 ut
1864 3859 2034 3916 ostenderem

1248 3979 1290 4017 mc
1305 3961 1426 4015 fidelibus
1440 3968 1467 4014 et
1480 3955 1640 4027 quotidianis
1654 3954 1746 4009 matris
1764 3967 1831 4007 meat
1853 3950 1977 4022 lacrymis
2000 3963 2035 4007 ne

1250 4054 1362 4121 perirem
1386 4048 1466 4103 luisse
1487 4045 1665 4102 concessum?
1687 4043 1736 4099 Ubi
1762 4043 1852 4113 utique
1874 4041 2033 4112 praedicari,

1250 4161 1301 4199 oon
1316 4145 1400 4199 stilum
1414 4156 1547 4197 arersasa
1563 4149 1635 4196 reeta
1649 4139 1718 4205 ute,
1740 4139 1787 4195 sed
1809 4137 1934 4193 adversas
1955 4135 2035 4210 etlam

1250 4242 1330 4288 rectae
1344 4231 1422 4295 lidei,
1439 4230 1519 4283 lictum
1533 4243 1578 4282 sua
1593 4228 1676 4298 gratia
1689 4226 1721 4281 ad
1735 4242 1793 4280 eam
1814 4235 1972 4281 cont-cetere
1988 4223 2038 4278 Ιιο-

1251 4328 1351 4381 miuum
1362 4323 1521 4377 voluntates.
1536 4321 1572 4374 lle
1583 4319 1738 4388 proliciente
1750 4333 1828 4386 porro
1838 4315 2036 4386 perseveranti-t

1251 4411 1472 4486 quemadmodum
1487 4410 1570 4465 Deum
1584 4408 1749 4478 rogaverim,
1766 4416 1793 4460 et
1810 4406 1902 4471 scitis,
1916 4414 1944 4461 et
1960 4412 2037 4476 pole·

1251 4506 1299 4559 stis
1314 4516 1452 4559 recensere
1465 4515 1525 4555 cum
1535 4498 1623 4552 voltis.
1632 4497 1724 4552 tituoia
1740 4497 1827 4566 itaque
1839 4495 1885 4552 liei
1896 4495 1965 4550 dona
1977 4510 2037 4565 prim

1253 4595 1279 4649 iu
1293 4593 1387 4648 eodem
1403 4606 1484 4661 opere
1496 4591 1551 4644 sive
1565 4588 1673 4659 optavi,
1689 4587 1745 4642 sive
1760 4586 1864 4642 laudavi
1876 4627 1883 4651 ,
1897 4585 1971 4655 quis,
1985 4599 2038 4639 ιιοιι

1252 4687 1338 4742 dicam
1354 4699 1466 4754 negare,
1480 4682 1527 4737 sed
1543 4680 1663 4736 dubitare
1677 4680 1769 4734 saltem
1783 4677 1879 4732 audeat
1893 4676 1976 4731 licum
1989 4674 2039 4731 da·

1254 4790 1340 4833 turum
1354 4791 1383 4831 se
1396 4790 1455 4830 csse
1467 4773 1624 4844 praescisse,
1649 4780 1675 4825 et
1694 4770 1789 4839 quibus
1812 4767 1920 4822 daturus
1937 4764 2039 4833 luerit,

1255 4882 1388 4938 rrtrrtquam
1407 4865 1524 4935 potuisse
1545 4858 1669 4915 nescire?
1692 4859 1753 4913 lluc
1774 4866 1815 4912 est
1841 4855 2039 4927 praedestinatio

1256 4958 1392 5014 manilesta
1402 4965 1430 5012 et
1439 4964 1510 5010 certa
1520 4960 1671 5008 sanctornm
1684 4966 1690 5001 :
1701 4964 1778 5018 uttam
1790 4955 1879 5018 postca
1887 4945 2041 5015 diligentius

1256 5063 1281 5109 et
1294 5050 1452 5123 operosius,
1467 5061 1526 5101 cum
1536 5045 1591 5116 jam
1604 5050 1695 5097 contra
1714 5040 1870 5110 Pelagianos
1890 5039 2039 5107 disputare·

1257 5162 1316 5202 mrrs
1328 5187 1335 5211 ,
1349 5141 1492 5199 defendere
1507 5138 1651 5193 necessitas
1663 5135 1798 5204 compulit.
1815 5132 1958 5188 didicimus
1968 5130 2042 5186 enirn

1258 5235 1374 5307 singulas
1388 5244 1505 5302 quasque
1517 5229 1632 5282 itureses
1646 5225 1767 5280 intulisse
1779 5221 1905 5277 Ecclesiae
1920 5220 2042 5292 proprian

1259 5324 1418 5397 quirestioues
1454 5328 1546 5374 contra
1572 5331 1638 5386 quas
1671 5312 1823 5382 diligentius
1854 5309 2043 5365 defenderetur

1259 5415 1395 5484 Scriptura
1410 5409 1517 5472 diviua,
1533 5421 1612 5477 quam
1625 5403 1647 5457 si
1663 5402 1733 5456 nulia
1757 5400 1816 5455 talis
1839 5398 1983 5454 necessitas
1997 5411 2043 5452 co·

1260 5513 1342 5578 geret.
1358 5501 1426 5571 Quid
1438 5507 1527 5554 autem
1541 5495 1627 5565 coegit
1640 5494 1698 5547 loca
1718 5490 1934 5561 scripturarum,
1950 5487 2046 5558 quibua

1262 5590 1458 5667 predestinatio
1471 5585 1654 5644 commendata
1667 5591 1707 5638 cst
1717 5623 1725 5649 ,
1736 5581 1869 5651 eopitems
1883 5587 1910 5633 et
1921 5574 2047 5645 enuclea·

1264 5688 1315 5741 tius
1328 5684 1379 5739 isto
1393 5688 1484 5736 nostro
1498 5676 1589 5731 labore
1601 5671 1726 5738 delendi,
1746 5669 1798 5726 nisi
1821 5667 1892 5744 qnod
1913 5662 2048 5732 Pelagiaui

1264 5779 1355 5832 dieunt
1368 5773 1479 5845 gratiam
1503 5767 1550 5824 bet
1572 5765 1716 5822 secuudum
1737 5758 1832 5818 merita
1855 5768 1944 5814 nostra
1967 5752 2048 5810 darii

1265 5868 1334 5940 utrorl
1348 5865 1409 5938 ‹pdd
1423 5872 1463 5919 est
1476 5859 1546 5917 aliud
1559 5873 1638 5929 qttam
1651 5857 1743 5928 gratia}
1756 5855 1864 5908 omuino
1876 5845 2005 5919 negatioi

1300 5956 1412 6015 CAPUT
1427 5952 1497 6009 xxi.
1508 5981 1544 5992 -
1553 5952 1596 6008 5t.
1613 5947 1674 6002 liae
1687 5960 1750 6016 crgo
1762 5952 1791 5996 ut
1805 5942 1905 6010 ingrata
1920 5939 1976 5993 Deo
1987 5951 2047 5993 sen-

1269 6052 1350 6108 tentia
1364 6049 1514 6105 destruatur
1526 6085 1533 6113 ,
1547 6041 1666 6115 gratuitis
1679 6038 1723 6093 lici
1734 6033 1867 6090 bonelleiis
1878 6029 1973 6104 quibus
1983 6024 2051 6121 iilus-¹
