<?xml version="1.0" encoding="UTF-8"?>
<!DOCTYPE html PUBLIC "-//W3C//DTD XHTML 1.0 Transitional//EN"
    "http://www.w3.org/TR/xhtml1/DTD/xhtml1-transitional.dtd">
<html xmlns="http://www.w3.org/1999/xhtml" xml:lang="en" lang="en">
 <head>
  <title>
</title>
<meta http-equiv="Content-Type" content="text/html;charset=utf-8" />
  <meta name='ocr-system' content='tesseract 3.04.00' />
  <meta name='ocr-capabilities' content='ocr_page ocr_carea ocr_par ocr_line ocrx_word'/>
</head>
<body>
  <div class='ocr_page' id='page_1' title='image "./patrologiaecurs58unkngoog_0110.png"; bbox 0 0 4900 6892; ppageno 0'>
   <div class='ocr_carea' id='block_1_1' title="bbox 341 682 1224 5506">
    <p class='ocr_par' dir='ltr' id='par_1_1' title="bbox 433 682 1224 1052">
     <span class='ocr_line' id='line_1_1' title="bbox 438 682 507 738; baseline -0.014 0"><span class='ocrx_word' id='word_1_1' title='bbox 438 682 507 738; x_wconf 71' lang='lat' dir='ltr'>libb</span> 
     </span>
     <span class='ocr_line' id='line_1_2' title="bbox 436 783 1220 852; baseline -0.022 0"><span class='ocrx_word' id='word_1_2' title='bbox 436 800 536 852; x_wconf 88' lang='lat' dir='ltr'>bonore</span> <span class='ocrx_word' id='word_1_3' title='bbox 557 793 602 848; x_wconf 88' lang='lat' dir='ltr'>llci</span> <span class='ocrx_word' id='word_1_4' title='bbox 622 789 787 846; x_wconf 90' lang='lat' dir='ltr'>nascentium</span> <span class='ocrx_word' id='word_1_5' title='bbox 807 786 986 841; x_wconf 90' lang='lat' dir='ltr'>innocentiam</span> <span class='ocrx_word' id='word_1_6' title='bbox 1001 783 1139 849; x_wconf 88' lang='lat' dir='ltr'>cotrtucri;</span> <span class='ocrx_word' id='word_1_7' title='bbox 1161 799 1220 837; x_wconf 94' lang='lat' dir='ltr'>cum</span> 
     </span>
     <span class='ocr_line' id='line_1_3' title="bbox 435 877 1224 946; baseline -0.02 -2"><span class='ocrx_word' id='word_1_8' title='bbox 435 891 481 944; x_wconf 90' lang='lat' dir='ltr'>tibi</span> <span class='ocrx_word' id='word_1_9' title='bbox 502 890 581 944; x_wconf 92' lang='lat' dir='ltr'>liceat</span> <span class='ocrx_word' id='word_1_10' title='bbox 601 894 628 941; x_wconf 88' lang='lat' dir='ltr'>et</span> <span class='ocrx_word' id='word_1_11' title='bbox 648 883 729 937; x_wconf 90' lang='lat' dir='ltr'>libeat</span> <span class='ocrx_word' id='word_1_12' title='bbox 746 923 753 946; x_wconf 96' lang='lat'>,</span> <span class='ocrx_word' id='word_1_13' title='bbox 768 895 828 935; x_wconf 92' lang='lat' dir='ltr'>cum</span> <span class='ocrx_word' id='word_1_14' title='bbox 849 878 1017 934; x_wconf 83' lang='lat' dir='ltr'>aecttsatione</span> <span class='ocrx_word' id='word_1_15' title='bbox 1037 877 1095 943; x_wconf 89' lang='lat' dir='ltr'>Dei,</span> <span class='ocrx_word' id='word_1_16' title='bbox 1115 891 1130 930; x_wconf 85' lang='lat' dir='ltr'>a</span> <span class='ocrx_word' id='word_1_17' title='bbox 1150 885 1224 930; x_wconf 89' lang='lat' dir='ltr'>reatu</span> 
     </span>
     <span class='ocr_line' id='line_1_4' title="bbox 433 971 1222 1052; baseline -0.015 -20"><span class='ocrx_word' id='word_1_18' title='bbox 433 997 513 1052; x_wconf 90' lang='lat' dir='ltr'>qucm</span> <span class='ocrx_word' id='word_1_19' title='bbox 533 979 599 1052; x_wconf 84' lang='lat' dir='ltr'>dicis</span> <span class='ocrx_word' id='word_1_20' title='bbox 614 974 740 1040; x_wconf 89' lang='lat' dir='ltr'>libidinis,</span> <span class='ocrx_word' id='word_1_21' title='bbox 757 971 951 1026; x_wconf 79' lang='lat' dir='ltr'>libidinantium</span> <span class='ocrx_word' id='word_1_22' title='bbox 965 971 1084 1025; x_wconf 90' lang='lat' dir='ltr'>membra</span> <span class='ocrx_word' id='word_1_23' title='bbox 1098 983 1222 1040; x_wconf 85' lang='lat' dir='ltr'>purgare.</span> 
     </span>
    </p>

    <p class='ocr_par' dir='ltr' id='par_1_2' title="bbox 430 1061 1224 2759">
     <span class='ocr_line' id='line_1_5' title="bbox 469 1061 1224 1135; baseline -0.009 -13"><span class='ocrx_word' id='word_1_24' title='bbox 469 1075 535 1127; x_wconf 57' lang='lat' dir='ltr'>elno.</span> <span class='ocrx_word' id='word_1_25' title='bbox 555 1067 680 1135; x_wconf 79' lang='lat' dir='ltr'>Qutrlilrct</span> <span class='ocrx_word' id='word_1_26' title='bbox 700 1065 801 1134; x_wconf 90' lang='lat' dir='ltr'>pruritu</span> <span class='ocrx_word' id='word_1_27' title='bbox 824 1062 970 1127; x_wconf 80' lang='lat' dir='ltr'>libidinem,</span> <span class='ocrx_word' id='word_1_28' title='bbox 987 1061 1014 1116; x_wconf 89' lang='lat' dir='ltr'>id</span> <span class='ocrx_word' id='word_1_29' title='bbox 1034 1070 1084 1126; x_wconf 91' lang='lat' dir='ltr'>est,</span> <span class='ocrx_word' id='word_1_30' title='bbox 1097 1061 1224 1133; x_wconf 88' lang='lat' dir='ltr'>coucupi-</span> 
     </span>
     <span class='ocr_line' id='line_1_6' title="bbox 432 1150 1224 1220; baseline -0.015 -3"><span class='ocrx_word' id='word_1_31' title='bbox 432 1161 560 1217; x_wconf 86' lang='lat' dir='ltr'>scentiam</span> <span class='ocrx_word' id='word_1_32' title='bbox 573 1157 661 1212; x_wconf 84' lang='lat' dir='ltr'>caratis</span> <span class='ocrx_word' id='word_1_33' title='bbox 677 1155 780 1220; x_wconf 88' lang='lat' dir='ltr'>landos,</span> <span class='ocrx_word' id='word_1_34' title='bbox 796 1154 859 1209; x_wconf 93' lang='lat' dir='ltr'>dicit</span> <span class='ocrx_word' id='word_1_35' title='bbox 878 1168 937 1207; x_wconf 90' lang='lat' dir='ltr'>cam</span> <span class='ocrx_word' id='word_1_36' title='bbox 956 1152 1073 1207; x_wconf 86' lang='lat' dir='ltr'>loannes</span> <span class='ocrx_word' id='word_1_37' title='bbox 1087 1150 1224 1220; x_wconf 91' lang='lat' dir='ltr'>apostolus</span> 
     </span>
     <span class='ocr_line' id='line_1_7' title="bbox 432 1239 1221 1312; baseline -0.018 -6"><span class='ocrx_word' id='word_1_38' title='bbox 432 1268 446 1306; x_wconf 92' lang='lat' dir='ltr'>a</span> <span class='ocrx_word' id='word_1_39' title='bbox 460 1251 539 1307; x_wconf 76' lang='lat' dir='ltr'>l‘atre</span> <span class='ocrx_word' id='word_1_40' title='bbox 551 1264 604 1303; x_wconf 92' lang='lat' dir='ltr'>non</span> <span class='ocrx_word' id='word_1_41' title='bbox 616 1262 685 1312; x_wconf 90' lang='lat' dir='ltr'>esse,</span> <span class='ocrx_word' id='word_1_42' title='bbox 697 1245 744 1300; x_wconf 92' lang='lat' dir='ltr'>sed</span> <span class='ocrx_word' id='word_1_43' title='bbox 755 1260 786 1299; x_wconf 80' lang='lat' dir='ltr'>ct</span> <span class='ocrx_word' id='word_1_44' title='bbox 800 1242 898 1298; x_wconf 90' lang='lat' dir='ltr'>mundo</span> <span class='ocrx_word' id='word_1_45' title='bbox 910 1257 970 1298; x_wconf 87' lang='lat' dir='ltr'>esse</span> <span class='ocrx_word' id='word_1_46' title='bbox 983 1239 1008 1312; x_wconf 92' lang='lat' dir='ltr'>(l</span> <span class='ocrx_word' id='word_1_47' title='bbox 1022 1240 1099 1295; x_wconf 88' lang='lat' dir='ltr'>lonrr.</span> <span class='ocrx_word' id='word_1_48' title='bbox 1113 1256 1142 1306; x_wconf 90' lang='lat' dir='ltr'>tt,</span> <span class='ocrx_word' id='word_1_49' title='bbox 1159 1240 1221 1308; x_wconf 75' lang='lat' dir='ltr'>¹⁰l¹</span> 
     </span>
     <span class='ocr_line' id='line_1_8' title="bbox 432 1330 1222 1411; baseline -0.014 -17"><span class='ocrx_word' id='word_1_50' title='bbox 432 1350 632 1411; x_wconf 88' lang='lat' dir='ltr'>propterquam</span> <span class='ocrx_word' id='word_1_51' title='bbox 649 1346 721 1392; x_wconf 86' lang='lat' dir='ltr'>tecte</span> <span class='ocrx_word' id='word_1_52' title='bbox 735 1335 833 1390; x_wconf 90' lang='lat' dir='ltr'>dicitur</span> <span class='ocrx_word' id='word_1_53' title='bbox 848 1333 970 1387; x_wconf 90' lang='lat' dir='ltr'>diabolus</span> <span class='ocrx_word' id='word_1_54' title='bbox 987 1331 1110 1401; x_wconf 88' lang='lat' dir='ltr'>prinecps</span> <span class='ocrx_word' id='word_1_55' title='bbox 1132 1330 1222 1383; x_wconf 78' lang='lat' dir='ltr'>nutandi</span> 
     </span>
     <span class='ocr_line' id='line_1_9' title="bbox 432 1419 1223 1503; baseline -0.019 -15"><span class='ocrx_word' id='word_1_56' title='bbox 432 1447 492 1488; x_wconf 85' lang='lat' dir='ltr'>esse</span> <span class='ocrx_word' id='word_1_57' title='bbox 507 1427 596 1503; x_wconf 84' lang='lat' dir='ltr'>(Joan.</span> <span class='ocrx_word' id='word_1_58' title='bbox 609 1445 655 1493; x_wconf 80' lang='lat' dir='ltr'>su,</span> <span class='ocrx_word' id='word_1_59' title='bbox 665 1425 721 1497; x_wconf 78' lang='lat' dir='ltr'>st).</span> <span class='ocrx_word' id='word_1_60' title='bbox 733 1424 799 1480; x_wconf 83' lang='lat' dir='ltr'>Nam</span> <span class='ocrx_word' id='word_1_61' title='bbox 814 1426 914 1478; x_wconf 91' lang='lat' dir='ltr'>scimus</span> <span class='ocrx_word' id='word_1_62' title='bbox 929 1421 998 1492; x_wconf 88' lang='lat' dir='ltr'>quod</span> <span class='ocrx_word' id='word_1_63' title='bbox 1013 1420 1140 1474; x_wconf 90' lang='lat' dir='ltr'>mundum</span> <span class='ocrx_word' id='word_1_64' title='bbox 1153 1419 1223 1473; x_wconf 71' lang='lat' dir='ltr'>batn</span> 
     </span>
     <span class='ocr_line' id='line_1_10' title="bbox 431 1509 1222 1588; baseline -0.019 -10"><span class='ocrx_word' id='word_1_65' title='bbox 431 1522 533 1578; x_wconf 87' lang='lat' dir='ltr'>lecerit.</span> <span class='ocrx_word' id='word_1_66' title='bbox 559 1520 615 1574; x_wconf 92' lang='lat' dir='ltr'>lloc</span> <span class='ocrx_word' id='word_1_67' title='bbox 635 1533 699 1588; x_wconf 90' lang='lat' dir='ltr'>crgo</span> <span class='ocrx_word' id='word_1_68' title='bbox 719 1516 790 1570; x_wconf 91' lang='lat' dir='ltr'>malo</span> <span class='ocrx_word' id='word_1_69' title='bbox 810 1511 1031 1582; x_wconf 77' lang='lat' dir='ltr'>concupiscentia</span> <span class='ocrx_word' id='word_1_70' title='bbox 1051 1511 1139 1564; x_wconf 89' lang='lat' dir='ltr'>earnis</span> <span class='ocrx_word' id='word_1_71' title='bbox 1155 1509 1222 1563; x_wconf 86' lang='lat' dir='ltr'>bone</span> 
     </span>
     <span class='ocr_line' id='line_1_11' title="bbox 430 1602 1222 1681; baseline -0.021 -11"><span class='ocrx_word' id='word_1_72' title='bbox 430 1614 515 1670; x_wconf 91' lang='lat' dir='ltr'>utitur</span> <span class='ocrx_word' id='word_1_73' title='bbox 539 1610 664 1681; x_wconf 90' lang='lat' dir='ltr'>pudicitia</span> <span class='ocrx_word' id='word_1_74' title='bbox 686 1606 848 1676; x_wconf 75' lang='lat' dir='ltr'>conjugalis;</span> <span class='ocrx_word' id='word_1_75' title='bbox 865 1606 976 1675; x_wconf 88' lang='lat' dir='ltr'>ejusque</span> <span class='ocrx_word' id='word_1_76' title='bbox 997 1602 1059 1656; x_wconf 85' lang='lat' dir='ltr'>ntali</span> <span class='ocrx_word' id='word_1_77' title='bbox 1082 1613 1184 1656; x_wconf 82' lang='lat' dir='ltr'>teatrum</span> <span class='ocrx_word' id='word_1_78' title='bbox 1207 1616 1222 1653; x_wconf 89' lang='lat' dir='ltr'>a</span> 
     </span>
     <span class='ocr_line' id='line_1_12' title="bbox 431 1691 1220 1766; baseline -0.019 -6"><span class='ocrx_word' id='word_1_79' title='bbox 431 1704 601 1761; x_wconf 88' lang='lat' dir='ltr'>nascentibus</span> <span class='ocrx_word' id='word_1_80' title='bbox 610 1709 721 1756; x_wconf 90' lang='lat' dir='ltr'>tractum</span> <span class='ocrx_word' id='word_1_81' title='bbox 733 1698 812 1753; x_wconf 84' lang='lat' dir='ltr'>solvit</span> <span class='ocrx_word' id='word_1_82' title='bbox 825 1696 990 1766; x_wconf 74' lang='lat' dir='ltr'>regeneratio</span> <span class='ocrx_word' id='word_1_83' title='bbox 999 1692 1152 1762; x_wconf 89' lang='lat' dir='ltr'>spiritualis.</span> <span class='ocrx_word' id='word_1_84' title='bbox 1164 1691 1220 1746; x_wconf 91' lang='lat' dir='ltr'>lloc</span> 
     </span>
     <span class='ocr_line' id='line_1_13' title="bbox 430 1782 1222 1867; baseline -0.018 -19"><span class='ocrx_word' id='word_1_85' title='bbox 430 1794 556 1867; x_wconf 78' lang='lat' dir='ltr'>qnandiu</span> <span class='ocrx_word' id='word_1_86' title='bbox 577 1807 630 1845; x_wconf 92' lang='lat' dir='ltr'>non</span> <span class='ocrx_word' id='word_1_87' title='bbox 650 1789 733 1859; x_wconf 88' lang='lat' dir='ltr'>sapis,</span> <span class='ocrx_word' id='word_1_88' title='bbox 749 1802 801 1841; x_wconf 90' lang='lat' dir='ltr'>rtou</span> <span class='ocrx_word' id='word_1_89' title='bbox 819 1785 976 1849; x_wconf 79' lang='lat' dir='ltr'>catholicus,</span> <span class='ocrx_word' id='word_1_90' title='bbox 993 1782 1040 1838; x_wconf 92' lang='lat' dir='ltr'>sed</span> <span class='ocrx_word' id='word_1_91' title='bbox 1063 1782 1222 1852; x_wconf 80' lang='lat' dir='ltr'>Pelagianos</span> 
     </span>
     <span class='ocr_line' id='line_1_14' title="bbox 431 1870 1222 1947; baseline -0.021 -7"><span class='ocrx_word' id='word_1_92' title='bbox 431 1885 536 1939; x_wconf 86' lang='lat' dir='ltr'>iuturus</span> <span class='ocrx_word' id='word_1_93' title='bbox 555 1896 601 1946; x_wconf 88' lang='lat' dir='ltr'>cs;</span> <span class='ocrx_word' id='word_1_94' title='bbox 622 1889 648 1935; x_wconf 91' lang='lat' dir='ltr'>ct</span> <span class='ocrx_word' id='word_1_95' title='bbox 666 1876 810 1947; x_wconf 89' lang='lat' dir='ltr'>Scriptnris</span> <span class='ocrx_word' id='word_1_96' title='bbox 829 1874 944 1938; x_wconf 88' lang='lat' dir='ltr'>sanctis,</span> <span class='ocrx_word' id='word_1_97' title='bbox 964 1870 1158 1943; x_wconf 87' lang='lat' dir='ltr'>quantumlibet</span> <span class='ocrx_word' id='word_1_98' title='bbox 1176 1885 1222 1925; x_wconf 91' lang='lat' dir='ltr'>cas</span> 
     </span>
     <span class='ocr_line' id='line_1_15' title="bbox 430 1962 1220 2033; baseline -0.02 -3"><span class='ocrx_word' id='word_1_99' title='bbox 430 1972 577 2031; x_wconf 74' lang='lat' dir='ltr'>rlclcnddre</span> <span class='ocrx_word' id='word_1_100' title='bbox 592 1972 639 2026; x_wconf 92' lang='lat' dir='ltr'>tibi</span> <span class='ocrx_word' id='word_1_101' title='bbox 653 1968 777 2033; x_wconf 69' lang='lat' dir='ltr'>calcaris,</span> <span class='ocrx_word' id='word_1_102' title='bbox 789 1965 1002 2022; x_wconf 72' lang='lat' dir='ltr'>contradicturus</span> <span class='ocrx_word' id='word_1_103' title='bbox 1021 1980 1060 2020; x_wconf 88' lang='lat' dir='ltr'>es.</span> <span class='ocrx_word' id='word_1_104' title='bbox 1078 1962 1119 2017; x_wconf 87' lang='lat' dir='ltr'>lle</span> <span class='ocrx_word' id='word_1_105' title='bbox 1133 1971 1220 2016; x_wconf 91' lang='lat' dir='ltr'>antem</span> 
     </span>
     <span class='ocr_line' id='line_1_16' title="bbox 430 2052 1222 2137; baseline -0.014 -20"><span class='ocrx_word' id='word_1_106' title='bbox 430 2067 535 2137; x_wconf 90' lang='lat' dir='ltr'>quotics</span> <span class='ocrx_word' id='word_1_107' title='bbox 556 2072 665 2134; x_wconf 88' lang='lat' dir='ltr'>propter</span> <span class='ocrx_word' id='word_1_108' title='bbox 680 2062 730 2117; x_wconf 90' lang='lat' dir='ltr'>bue</span> <span class='ocrx_word' id='word_1_109' title='bbox 750 2061 792 2116; x_wconf 89' lang='lat' dir='ltr'>cui</span> <span class='ocrx_word' id='word_1_110' title='bbox 806 2058 976 2123; x_wconf 87' lang='lat' dir='ltr'>contradicis,</span> <span class='ocrx_word' id='word_1_111' title='bbox 992 2055 1166 2111; x_wconf 81' lang='lat' dir='ltr'>blaniclruum</span> <span class='ocrx_word' id='word_1_112' title='bbox 1182 2052 1222 2107; x_wconf 94' lang='lat' dir='ltr'>di-</span> 
     </span>
     <span class='ocr_line' id='line_1_17' title="bbox 431 2144 1221 2226; baseline -0.016 -14"><span class='ocrx_word' id='word_1_113' title='bbox 431 2157 488 2220; x_wconf 91' lang='lat' dir='ltr'>cis;</span> <span class='ocrx_word' id='word_1_114' title='bbox 512 2154 631 2226; x_wconf 88' lang='lat' dir='ltr'>prolecto</span> <span class='ocrx_word' id='word_1_115' title='bbox 646 2161 674 2209; x_wconf 93' lang='lat' dir='ltr'>ct</span> <span class='ocrx_word' id='word_1_116' title='bbox 688 2153 761 2207; x_wconf 88' lang='lat' dir='ltr'>illurn</span> <span class='ocrx_word' id='word_1_117' title='bbox 783 2149 861 2217; x_wconf 89' lang='lat' dir='ltr'>dicis,</span> <span class='ocrx_word' id='word_1_118' title='bbox 878 2149 922 2220; x_wconf 89' lang='lat' dir='ltr'>qui</span> <span class='ocrx_word' id='word_1_119' title='bbox 941 2148 1076 2203; x_wconf 88' lang='lat' dir='ltr'>bominem</span> <span class='ocrx_word' id='word_1_120' title='bbox 1095 2144 1221 2201; x_wconf 86' lang='lat' dir='ltr'>mcnrbris</span> 
     </span>
     <span class='ocr_line' id='line_1_18' title="bbox 431 2238 1222 2319; baseline -0.016 -17"><span class='ocrx_word' id='word_1_121' title='bbox 431 2246 591 2319; x_wconf 75' lang='lat' dir='ltr'>genitalibus</span> <span class='ocrx_word' id='word_1_122' title='bbox 605 2243 731 2308; x_wconf 81' lang='lat' dir='ltr'>inlusum,</span> <span class='ocrx_word' id='word_1_123' title='bbox 741 2254 767 2298; x_wconf 89' lang='lat' dir='ltr'>et</span> <span class='ocrx_word' id='word_1_124' title='bbox 777 2239 1000 2309; x_wconf 72' lang='lat' dir='ltr'>concupiscentiae</span> <span class='ocrx_word' id='word_1_125' title='bbox 1013 2238 1149 2307; x_wconf 83' lang='lat' dir='ltr'>uoluptate</span> <span class='ocrx_word' id='word_1_126' title='bbox 1162 2252 1222 2290; x_wconf 92' lang='lat' dir='ltr'>con·</span> 
     </span>
     <span class='ocr_line' id='line_1_19' title="bbox 431 2327 1220 2404; baseline -0.014 -12"><span class='ocrx_word' id='word_1_127' title='bbox 431 2346 549 2404; x_wconf 84' lang='lat' dir='ltr'>crottam,</span> <span class='ocrx_word' id='word_1_128' title='bbox 569 2343 631 2390; x_wconf 91' lang='lat' dir='ltr'>autc</span> <span class='ocrx_word' id='word_1_129' title='bbox 650 2333 713 2389; x_wconf 90' lang='lat' dir='ltr'>dicit</span> <span class='ocrx_word' id='word_1_130' title='bbox 732 2331 857 2400; x_wconf 83' lang='lat' dir='ltr'>excipere</span> <span class='ocrx_word' id='word_1_131' title='bbox 875 2329 1034 2385; x_wconf 90' lang='lat' dir='ltr'>delictorum</span> <span class='ocrx_word' id='word_1_132' title='bbox 1053 2327 1220 2396; x_wconf 76' lang='lat' dir='ltr'>contagium,</span> 
     </span>
     <span class='ocr_line' id='line_1_20' title="bbox 430 2417 1222 2498; baseline -0.016 -16"><span class='ocrx_word' id='word_1_133' title='bbox 430 2443 509 2498; x_wconf 91' lang='lat' dir='ltr'>quam</span> <span class='ocrx_word' id='word_1_134' title='bbox 523 2425 612 2480; x_wconf 86' lang='lat' dir='ltr'>ritalis</span> <span class='ocrx_word' id='word_1_135' title='bbox 631 2424 741 2493; x_wconf 91' lang='lat' dir='ltr'>spiritus</span> <span class='ocrx_word' id='word_1_136' title='bbox 761 2435 857 2475; x_wconf 93' lang='lat' dir='ltr'>munus</span> <span class='ocrx_word' id='word_1_137' title='bbox 876 2418 995 2473; x_wconf 88' lang='lat' dir='ltr'>haurire.</span> <span class='ocrx_word' id='word_1_138' title='bbox 1010 2417 1168 2471; x_wconf 81' lang='lat' dir='ltr'>ambrosius</span> <span class='ocrx_word' id='word_1_139' title='bbox 1181 2424 1222 2470; x_wconf 86' lang='lat' dir='ltr'>cst</span> 
     </span>
     <span class='ocr_line' id='line_1_21' title="bbox 430 2505 1220 2589; baseline -0.019 -14"><span class='ocrx_word' id='word_1_140' title='bbox 430 2520 482 2575; x_wconf 88' lang='lat' dir='ltr'>iste</span> <span class='ocrx_word' id='word_1_141' title='bbox 506 2518 601 2589; x_wconf 77' lang='lat' dir='ltr'>(Libro</span> <span class='ocrx_word' id='word_1_142' title='bbox 616 2517 647 2570; x_wconf 86' lang='lat' dir='ltr'>de</span> <span class='ocrx_word' id='word_1_143' title='bbox 658 2516 823 2571; x_wconf 88' lang='lat' dir='ltr'>Sacramenta</span> <span class='ocrx_word' id='word_1_144' title='bbox 838 2509 1043 2583; x_wconf 65' lang='lat' dir='ltr'>remorationis,</span> <span class='ocrx_word' id='word_1_145' title='bbox 1056 2525 1100 2564; x_wconf 83' lang='lat' dir='ltr'>seat</span> <span class='ocrx_word' id='word_1_146' title='bbox 1113 2508 1144 2562; x_wconf 88' lang='lat' dir='ltr'>de</span> <span class='ocrx_word' id='word_1_147' title='bbox 1154 2505 1220 2560; x_wconf 84' lang='lat' dir='ltr'>Plri-</span> 
     </span>
     <span class='ocr_line' id='line_1_22' title="bbox 430 2595 1218 2685; baseline -0.018 -18"><span class='ocrx_word' id='word_1_148' title='bbox 430 2609 577 2685; x_wconf 75' lang='lat' dir='ltr'>losopltia),</span> <span class='ocrx_word' id='word_1_149' title='bbox 597 2609 702 2665; x_wconf 83' lang='lat' dir='ltr'>iuliane</span> <span class='ocrx_word' id='word_1_150' title='bbox 727 2625 735 2663; x_wconf 78' lang='lat' dir='ltr'>a</span> <span class='ocrx_word' id='word_1_151' title='bbox 756 2595 928 2661; x_wconf 82' lang='lat' dir='ltr'>Antbtosium</span> <span class='ocrx_word' id='word_1_152' title='bbox 948 2601 1122 2659; x_wconf 82' lang='lat' dir='ltr'>llantcbanm</span> <span class='ocrx_word' id='word_1_153' title='bbox 1142 2599 1218 2665; x_wconf 88' lang='lat' dir='ltr'>dicis,</span> 
     </span>
     <span class='ocr_line' id='line_1_23' title="bbox 430 2703 536 2759; baseline -0.009 -1"><span class='ocrx_word' id='word_1_154' title='bbox 430 2703 536 2759; x_wconf 89' lang='lat' dir='ltr'>insane.</span> 
     </span>
    </p>

    <p class='ocr_par' dir='ltr' id='par_1_3' title="bbox 425 2785 1221 3496">
     <span class='ocr_line' id='line_1_24' title="bbox 466 2785 1219 2859; baseline -0.016 -10"><span class='ocrx_word' id='word_1_155' title='bbox 466 2793 575 2850; x_wconf 88' lang='lat' dir='ltr'>XXXll.</span> <span class='ocrx_word' id='word_1_156' title='bbox 594 2792 653 2848; x_wconf 86' lang='lat' dir='ltr'>lut.</span> <span class='ocrx_word' id='word_1_157' title='bbox 674 2790 740 2846; x_wconf 82' lang='lat' dir='ltr'>Num</span> <span class='ocrx_word' id='word_1_158' title='bbox 762 2805 822 2846; x_wconf 93' lang='lat' dir='ltr'>cum</span> <span class='ocrx_word' id='word_1_159' title='bbox 845 2786 1011 2859; x_wconf 86' lang='lat' dir='ltr'>pronuntias,</span> <span class='ocrx_word' id='word_1_160' title='bbox 1027 2785 1219 2854; x_wconf 85' lang='lat' dir='ltr'>concupiscen-</span> 
     </span>
     <span class='ocr_line' id='line_1_25' title="bbox 430 2875 1220 2953; baseline -0.011 -14"><span class='ocrx_word' id='word_1_161' title='bbox 430 2887 494 2941; x_wconf 87' lang='lat' dir='ltr'>tiam</span> <span class='ocrx_word' id='word_1_162' title='bbox 513 2884 628 2939; x_wconf 90' lang='lat' dir='ltr'>caruisa</span> <span class='ocrx_word' id='word_1_163' title='bbox 650 2882 767 2953; x_wconf 81' lang='lat' dir='ltr'>principe</span> <span class='ocrx_word' id='word_1_164' title='bbox 786 2879 955 2935; x_wconf 86' lang='lat' dir='ltr'>tenebrarum</span> <span class='ocrx_word' id='word_1_165' title='bbox 971 2879 997 2933; x_wconf 94' lang='lat' dir='ltr'>in</span> <span class='ocrx_word' id='word_1_166' title='bbox 1018 2877 1125 2932; x_wconf 91' lang='lat' dir='ltr'>ltomiuc</span> <span class='ocrx_word' id='word_1_167' title='bbox 1139 2875 1220 2930; x_wconf 87' lang='lat' dir='ltr'>luisse</span> 
     </span>
     <span class='ocr_line' id='line_1_26' title="bbox 430 2967 1221 3047; baseline -0.008 -18"><span class='ocrx_word' id='word_1_168' title='bbox 430 2978 584 3047; x_wconf 88' lang='lat' dir='ltr'>plantatam,</span> <span class='ocrx_word' id='word_1_169' title='bbox 600 2989 712 3043; x_wconf 82' lang='lat' dir='ltr'>curatque</span> <span class='ocrx_word' id='word_1_170' title='bbox 732 2987 791 3027; x_wconf 81' lang='lat' dir='ltr'>esso</span> <span class='ocrx_word' id='word_1_171' title='bbox 811 2971 909 3026; x_wconf 90' lang='lat' dir='ltr'>diaboli</span> <span class='ocrx_word' id='word_1_172' title='bbox 928 2970 1060 3034; x_wconf 78' lang='lat' dir='ltr'>fruticem,</span> <span class='ocrx_word' id='word_1_173' title='bbox 1074 2985 1106 3025; x_wconf 88' lang='lat' dir='ltr'>ex</span> <span class='ocrx_word' id='word_1_174' title='bbox 1128 2983 1157 3023; x_wconf 89' lang='lat' dir='ltr'>se</span> <span class='ocrx_word' id='word_1_175' title='bbox 1172 2967 1221 3023; x_wconf 87' lang='lat' dir='ltr'>ltu-</span> 
     </span>
     <span class='ocr_line' id='line_1_27' title="bbox 429 3060 1218 3136; baseline -0.008 -14"><span class='ocrx_word' id='word_1_176' title='bbox 429 3082 536 3122; x_wconf 91' lang='lat' dir='ltr'>mauum</span> <span class='ocrx_word' id='word_1_177' title='bbox 564 3079 649 3136; x_wconf 83' lang='lat' dir='ltr'>gentis</span> <span class='ocrx_word' id='word_1_178' title='bbox 675 3064 750 3134; x_wconf 88' lang='lat' dir='ltr'>qnasi</span> <span class='ocrx_word' id='word_1_179' title='bbox 779 3077 857 3133; x_wconf 80' lang='lat' dir='ltr'>pruma</span> <span class='ocrx_word' id='word_1_180' title='bbox 888 3063 995 3133; x_wconf 88' lang='lat' dir='ltr'>propria</span> <span class='ocrx_word' id='word_1_181' title='bbox 1024 3060 1218 3129; x_wconf 85' lang='lat' dir='ltr'>prulcrcutcm:</span> 
     </span>
     <span class='ocr_line' id='line_1_28' title="bbox 427 3146 1219 3225; baseline -0.011 -14"><span class='ocrx_word' id='word_1_182' title='bbox 427 3156 548 3212; x_wconf 88' lang='lat' dir='ltr'>absolute</span> <span class='ocrx_word' id='word_1_183' title='bbox 560 3155 667 3225; x_wconf 90' lang='lat' dir='ltr'>quidem</span> <span class='ocrx_word' id='word_1_184' title='bbox 683 3152 814 3223; x_wconf 87' lang='lat' dir='ltr'>proderis,</span> <span class='ocrx_word' id='word_1_185' title='bbox 831 3152 901 3222; x_wconf 91' lang='lat' dir='ltr'>quod</span> <span class='ocrx_word' id='word_1_186' title='bbox 917 3166 970 3205; x_wconf 93' lang='lat' dir='ltr'>non</span> <span class='ocrx_word' id='word_1_187' title='bbox 992 3146 1086 3215; x_wconf 84' lang='lat' dir='ltr'>Deum,</span> <span class='ocrx_word' id='word_1_188' title='bbox 1103 3149 1150 3205; x_wconf 91' lang='lat' dir='ltr'>scd</span> <span class='ocrx_word' id='word_1_189' title='bbox 1163 3149 1219 3203; x_wconf 84' lang='lat' dir='ltr'>dia-</span> 
     </span>
     <span class='ocr_line' id='line_1_29' title="bbox 428 3242 1219 3314; baseline -0.013 -9"><span class='ocrx_word' id='word_1_190' title='bbox 428 3252 517 3305; x_wconf 91' lang='lat' dir='ltr'>bolum</span> <span class='ocrx_word' id='word_1_191' title='bbox 531 3249 604 3303; x_wconf 89' lang='lat' dir='ltr'>dicas</span> <span class='ocrx_word' id='word_1_192' title='bbox 618 3248 754 3302; x_wconf 92' lang='lat' dir='ltr'>bominum</span> <span class='ocrx_word' id='word_1_193' title='bbox 768 3245 932 3300; x_wconf 89' lang='lat' dir='ltr'>conditorem</span> <span class='ocrx_word' id='word_1_194' title='bbox 948 3263 954 3297; x_wconf 91' lang='lat'><strong>:</strong></span> <span class='ocrx_word' id='word_1_195' title='bbox 969 3258 1022 3314; x_wconf 90' lang='lat' dir='ltr'>quo</span> <span class='ocrx_word' id='word_1_196' title='bbox 1035 3242 1158 3313; x_wconf 75' lang='lat' dir='ltr'>dogmate</span> <span class='ocrx_word' id='word_1_197' title='bbox 1173 3243 1219 3296; x_wconf 89' lang='lat' dir='ltr'>im·</span> 
     </span>
     <span class='ocr_line' id='line_1_30' title="bbox 427 3335 1217 3412; baseline -0.014 -14"><span class='ocrx_word' id='word_1_198' title='bbox 427 3343 555 3412; x_wconf 84' lang='lat' dir='ltr'>piissimo,</span> <span class='ocrx_word' id='word_1_199' title='bbox 566 3338 785 3410; x_wconf 85' lang='lat' dir='ltr'>ctcuujugiorum</span> <span class='ocrx_word' id='word_1_200' title='bbox 799 3338 945 3409; x_wconf 89' lang='lat' dir='ltr'>negotium,</span> <span class='ocrx_word' id='word_1_201' title='bbox 960 3336 1047 3401; x_wconf 88' lang='lat' dir='ltr'>idest,</span> <span class='ocrx_word' id='word_1_202' title='bbox 1063 3335 1217 3407; x_wconf 84' lang='lat' dir='ltr'>genitalium</span> 
     </span>
     <span class='ocr_line' id='line_1_31' title="bbox 425 3429 967 3496; baseline -0.013 -9"><span class='ocrx_word' id='word_1_203' title='bbox 425 3432 567 3496; x_wconf 74' lang='lat' dir='ltr'>admixtio,</span> <span class='ocrx_word' id='word_1_204' title='bbox 584 3440 608 3485; x_wconf 91' lang='lat' dir='ltr'>et</span> <span class='ocrx_word' id='word_1_205' title='bbox 629 3445 692 3484; x_wconf 90' lang='lat' dir='ltr'>caro</span> <span class='ocrx_word' id='word_1_206' title='bbox 707 3439 801 3483; x_wconf 82' lang='lat' dir='ltr'>cuncta</span> <span class='ocrx_word' id='word_1_207' title='bbox 817 3429 967 3482; x_wconf 88' lang='lat' dir='ltr'>damnatur.</span> 
     </span>
    </p>

    <p class='ocr_par' dir='ltr' id='par_1_4' title="bbox 425 3521 1219 3857">
     <span class='ocr_line' id='line_1_32' title="bbox 462 3521 1219 3591; baseline -0.011 -10"><span class='ocrx_word' id='word_1_208' title='bbox 462 3527 528 3581; x_wconf 76' lang='lat' dir='ltr'>bro.</span> <span class='ocrx_word' id='word_1_209' title='bbox 549 3524 606 3578; x_wconf 85' lang='lat' dir='ltr'>Nou</span> <span class='ocrx_word' id='word_1_210' title='bbox 617 3522 759 3578; x_wconf 80' lang='lat' dir='ltr'>damnatur</span> <span class='ocrx_word' id='word_1_211' title='bbox 773 3540 778 3573; x_wconf 94' lang='lat'>:</span> <span class='ocrx_word' id='word_1_212' title='bbox 793 3521 840 3576; x_wconf 86' lang='lat' dir='ltr'>sed</span> <span class='ocrx_word' id='word_1_213' title='bbox 856 3536 908 3575; x_wconf 92' lang='lat' dir='ltr'>non</span> <span class='ocrx_word' id='word_1_214' title='bbox 925 3537 939 3574; x_wconf 94' lang='lat' dir='ltr'>a</span> <span class='ocrx_word' id='word_1_215' title='bbox 956 3530 981 3577; x_wconf 91' lang='lat' dir='ltr'>te</span> <span class='ocrx_word' id='word_1_216' title='bbox 994 3523 1069 3591; x_wconf 88' lang='lat' dir='ltr'>qnasi</span> <span class='ocrx_word' id='word_1_217' title='bbox 1082 3537 1145 3576; x_wconf 87' lang='lat' dir='ltr'>sana</span> <span class='ocrx_word' id='word_1_218' title='bbox 1162 3522 1219 3574; x_wconf 90' lang='lat' dir='ltr'>lan·</span> 
     </span>
     <span class='ocr_line' id='line_1_33' title="bbox 425 3615 1218 3684; baseline -0.001 -14"><span class='ocrx_word' id='word_1_219' title='bbox 425 3617 530 3684; x_wconf 87' lang='lat' dir='ltr'>detttr¹,</span> <span class='ocrx_word' id='word_1_220' title='bbox 551 3626 579 3670; x_wconf 94' lang='grc' dir='ltr'>ιιι</span> <span class='ocrx_word' id='word_1_221' title='bbox 598 3617 678 3671; x_wconf 91' lang='lat' dir='ltr'>etiam</span> <span class='ocrx_word' id='word_1_222' title='bbox 699 3625 725 3670; x_wconf 94' lang='lat' dir='ltr'>tc</span> <span class='ocrx_word' id='word_1_223' title='bbox 744 3615 889 3670; x_wconf 75' lang='lat' dir='ltr'>confitente</span> <span class='ocrx_word' id='word_1_224' title='bbox 902 3631 937 3679; x_wconf 87' lang='lat' dir='ltr'>,a</span> <span class='ocrx_word' id='word_1_225' title='bbox 958 3631 1005 3669; x_wconf 92' lang='lat' dir='ltr'>sno</span> <span class='ocrx_word' id='word_1_226' title='bbox 1024 3615 1168 3670; x_wconf 81' lang='lat' dir='ltr'>Cotiditore</span> <span class='ocrx_word' id='word_1_227' title='bbox 1186 3630 1218 3669; x_wconf 91' lang='lat' dir='ltr'>ac</span> 
     </span>
     <span class='ocr_line' id='line_1_34' title="bbox 426 3707 1217 3778; baseline -0.003 -13"><span class='ocrx_word' id='word_1_228' title='bbox 426 3711 566 3766; x_wconf 84' lang='lat' dir='ltr'>Saltatotc</span> <span class='ocrx_word' id='word_1_229' title='bbox 579 3719 699 3764; x_wconf 79' lang='lat' dir='ltr'>saltetur.</span> <span class='ocrx_word' id='word_1_230' title='bbox 715 3707 782 3762; x_wconf 88' lang='lat' dir='ltr'>Nam</span> <span class='ocrx_word' id='word_1_231' title='bbox 801 3707 853 3763; x_wconf 85' lang='lat' dir='ltr'>buc</span> <span class='ocrx_word' id='word_1_232' title='bbox 869 3708 894 3762; x_wconf 92' lang='lat' dir='ltr'>iu</span> <span class='ocrx_word' id='word_1_233' title='bbox 912 3709 1008 3778; x_wconf 78' lang='lat' dir='ltr'>quibam</span> <span class='ocrx_word' id='word_1_234' title='bbox 1024 3724 1075 3762; x_wconf 91' lang='lat' dir='ltr'>nou</span> <span class='ocrx_word' id='word_1_235' title='bbox 1096 3708 1139 3774; x_wconf 92' lang='lat' dir='ltr'>lit,</span> <span class='ocrx_word' id='word_1_236' title='bbox 1158 3709 1217 3765; x_wconf 89' lang='lat' dir='ltr'>siue</span> 
     </span>
     <span class='ocr_line' id='line_1_35' title="bbox 426 3799 847 3857; baseline -0.014 0"><span class='ocrx_word' id='word_1_237' title='bbox 426 3802 478 3857; x_wconf 92' lang='lat' dir='ltr'>ulla</span> <span class='ocrx_word' id='word_1_238' title='bbox 490 3801 656 3857; x_wconf 85' lang='lat' dir='ltr'>dubitatione</span> <span class='ocrx_word' id='word_1_239' title='bbox 669 3799 847 3854; x_wconf 87' lang='lat' dir='ltr'>damnabitur.</span> 
     </span>
    </p>

    <p class='ocr_par' dir='ltr' id='par_1_5' title="bbox 341 3889 1216 5050">
     <span class='ocr_line' id='line_1_36' title="bbox 458 3889 1215 3961; baseline -0.011 -11"><span class='ocrx_word' id='word_1_240' title='bbox 458 3890 581 3950; x_wconf 87' lang='lat' dir='ltr'>XXXlll.</span> <span class='ocrx_word' id='word_1_241' title='bbox 600 3891 660 3947; x_wconf 84' lang='lat' dir='ltr'>lot..</span> <span class='ocrx_word' id='word_1_242' title='bbox 680 3889 747 3946; x_wconf 84' lang='lat' dir='ltr'>Cum</span> <span class='ocrx_word' id='word_1_243' title='bbox 761 3906 827 3946; x_wconf 87' lang='lat' dir='ltr'>reru</span> <span class='ocrx_word' id='word_1_244' title='bbox 846 3901 907 3960; x_wconf 86' lang='lat' dir='ltr'>post</span> <span class='ocrx_word' id='word_1_245' title='bbox 920 3890 971 3945; x_wconf 91' lang='lat' dir='ltr'>boc</span> <span class='ocrx_word' id='word_1_246' title='bbox 986 3891 1153 3961; x_wconf 85' lang='lat' dir='ltr'>sacrilegium</span> <span class='ocrx_word' id='word_1_247' title='bbox 1166 3890 1215 3943; x_wconf 89' lang='lat' dir='ltr'>ad-</span> 
     </span>
     <span class='ocr_line' id='line_1_37' title="bbox 423 3980 1216 4059; baseline -0.009 -18"><span class='ocrx_word' id='word_1_248' title='bbox 423 3985 521 4059; x_wconf 80' lang='lat' dir='ltr'>jungis,</span> <span class='ocrx_word' id='word_1_249' title='bbox 535 3992 562 4040; x_wconf 91' lang='lat' dir='ltr'>et</span> <span class='ocrx_word' id='word_1_250' title='bbox 581 3981 659 4046; x_wconf 90' lang='lat' dir='ltr'>dicis,</span> <span class='ocrx_word' id='word_1_251' title='bbox 675 3980 793 4052; x_wconf 82' lang='lat' dir='ltr'>proliteri</span> <span class='ocrx_word' id='word_1_252' title='bbox 809 3990 835 4035; x_wconf 84' lang='lat' dir='ltr'>te</span> <span class='ocrx_word' id='word_1_253' title='bbox 855 3981 1013 4036; x_wconf 87' lang='lat' dir='ltr'>diabolicam</span> <span class='ocrx_word' id='word_1_254' title='bbox 1034 3980 1140 4050; x_wconf 88' lang='lat' dir='ltr'>quidem</span> <span class='ocrx_word' id='word_1_255' title='bbox 1156 3996 1216 4034; x_wconf 83' lang='lat' dir='ltr'>esso</span> 
     </span>
     <span class='ocr_line' id='line_1_38' title="bbox 423 4073 1215 4151; baseline -0.009 -18"><span class='ocrx_word' id='word_1_256' title='bbox 423 4077 585 4151; x_wconf 85' lang='lat' dir='ltr'>gignentium</span> <span class='ocrx_word' id='word_1_257' title='bbox 605 4074 747 4145; x_wconf 78' lang='lat' dir='ltr'>cotrjugum</span> <span class='ocrx_word' id='word_1_258' title='bbox 769 4073 941 4142; x_wconf 79' lang='lat' dir='ltr'>voluptatem,</span> <span class='ocrx_word' id='word_1_259' title='bbox 961 4073 1120 4128; x_wconf 91' lang='lat' dir='ltr'>diabolicam</span> <span class='ocrx_word' id='word_1_260' title='bbox 1139 4073 1215 4143; x_wconf 83' lang='lat' dir='ltr'>geui-</span> 
     </span>
     <span class='ocr_line' id='line_1_39' title="bbox 425 4164 1215 4234; baseline -0.008 -10"><span class='ocrx_word' id='word_1_261' title='bbox 425 4170 515 4223; x_wconf 90' lang='lat' dir='ltr'>talium</span> <span class='ocrx_word' id='word_1_262' title='bbox 542 4168 767 4230; x_wconf 76' lang='lat' dir='ltr'>conrmotiooem3</span> <span class='ocrx_word' id='word_1_263' title='bbox 788 4164 835 4219; x_wconf 90' lang='lat' dir='ltr'>scd</span> <span class='ocrx_word' id='word_1_264' title='bbox 860 4173 947 4219; x_wconf 83' lang='lat' dir='ltr'>tanton</span> <span class='ocrx_word' id='word_1_265' title='bbox 969 4164 1071 4234; x_wconf 88' lang='lat' dir='ltr'>etipsa</span> <span class='ocrx_word' id='word_1_266' title='bbox 1096 4164 1215 4220; x_wconf 87' lang='lat' dir='ltr'>uterttbra</span> 
     </span>
     <span class='ocr_line' id='line_1_40' title="bbox 341 4255 1214 4331; baseline -0.006 -17"><span class='ocrx_word' id='word_1_267' title='bbox 341 4313 348 4327; x_wconf 77' lang='grc'><strong><em>,</em></strong></span> <span class='ocrx_word' id='word_1_268' title='bbox 423 4275 482 4331; x_wconf 73' lang='lat' dir='ltr'>quan</span> <span class='ocrx_word' id='word_1_269' title='bbox 498 4264 648 4324; x_wconf 84' lang='lat' dir='ltr'>morentur,</span> <span class='ocrx_word' id='word_1_270' title='bbox 666 4265 693 4312; x_wconf 91' lang='lat' dir='ltr'>et</span> <span class='ocrx_word' id='word_1_271' title='bbox 707 4256 833 4328; x_wconf 77' lang='lat' dir='ltr'>continges</span> <span class='ocrx_word' id='word_1_272' title='bbox 846 4258 890 4327; x_wconf 90' lang='lat' dir='ltr'>qui</span> <span class='ocrx_word' id='word_1_273' title='bbox 902 4257 1038 4327; x_wconf 83' lang='lat' dir='ltr'>voluptate</span> <span class='ocrx_word' id='word_1_274' title='bbox 1051 4255 1214 4323; x_wconf 83' lang='lat' dir='ltr'>alliciuntur,</span> 
     </span>
     <span class='ocr_line' id='line_1_41' title="bbox 426 4348 1214 4417; baseline -0.004 -12"><span class='ocrx_word' id='word_1_275' title='bbox 426 4366 487 4405; x_wconf 89' lang='lat' dir='ltr'>reos</span> <span class='ocrx_word' id='word_1_276' title='bbox 503 4365 554 4404; x_wconf 89' lang='grc' dir='ltr'>ιιοιι</span> <span class='ocrx_word' id='word_1_277' title='bbox 569 4364 650 4414; x_wconf 88' lang='lat' dir='ltr'>csse;</span> <span class='ocrx_word' id='word_1_278' title='bbox 666 4363 758 4404; x_wconf 80' lang='lat' dir='ltr'>terum</span> <span class='ocrx_word' id='word_1_279' title='bbox 779 4363 827 4417; x_wconf 88' lang='lat' dir='ltr'>pto</span> <span class='ocrx_word' id='word_1_280' title='bbox 841 4349 882 4403; x_wconf 89' lang='lat' dir='ltr'>bis</span> <span class='ocrx_word' id='word_1_281' title='bbox 896 4348 1019 4403; x_wconf 89' lang='lat' dir='ltr'>omnibus</span> <span class='ocrx_word' id='word_1_282' title='bbox 1031 4362 1115 4404; x_wconf 87' lang='lat' dir='ltr'>noros</span> <span class='ocrx_word' id='word_1_283' title='bbox 1129 4350 1214 4402; x_wconf 93' lang='lat' dir='ltr'>bomi-</span> 
     </span>
     <span class='ocr_line' id='line_1_42' title="bbox 422 4437 1213 4508; baseline -0.005 -13"><span class='ocrx_word' id='word_1_284' title='bbox 422 4454 482 4508; x_wconf 90' lang='lat' dir='ltr'>ucs,</span> <span class='ocrx_word' id='word_1_285' title='bbox 497 4440 524 4495; x_wconf 93' lang='lat' dir='ltr'>id</span> <span class='ocrx_word' id='word_1_286' title='bbox 537 4439 667 4500; x_wconf 77' lang='lat' dir='ltr'>estrada</span> <span class='ocrx_word' id='word_1_287' title='bbox 685 4453 753 4508; x_wconf 92' lang='lat' dir='ltr'>opus</span> <span class='ocrx_word' id='word_1_288' title='bbox 772 4438 799 4492; x_wconf 92' lang='lat' dir='ltr'>in</span> <span class='ocrx_word' id='word_1_289' title='bbox 820 4437 990 4494; x_wconf 88' lang='lat' dir='ltr'>nascentibus</span> <span class='ocrx_word' id='word_1_290' title='bbox 1008 4438 1115 4494; x_wconf 86' lang='lat' dir='ltr'>deitatis</span> <span class='ocrx_word' id='word_1_291' title='bbox 1133 4454 1213 4494; x_wconf 91' lang='lat' dir='ltr'>accu-</span> 
     </span>
     <span class='ocr_line' id='line_1_43' title="bbox 422 4526 1214 4598; baseline -0.005 -12"><span class='ocrx_word' id='word_1_292' title='bbox 422 4546 466 4586; x_wconf 88' lang='lat' dir='ltr'>sas</span> <span class='ocrx_word' id='word_1_293' title='bbox 481 4548 488 4582; x_wconf 92' lang='lat'>:</span> <span class='ocrx_word' id='word_1_294' title='bbox 511 4529 576 4584; x_wconf 91' lang='lat' dir='ltr'>nibil</span> <span class='ocrx_word' id='word_1_295' title='bbox 590 4528 698 4598; x_wconf 85' lang='lat' dir='ltr'>quidem</span> <span class='ocrx_word' id='word_1_296' title='bbox 713 4527 747 4582; x_wconf 87' lang='lat' dir='ltr'>de</span> <span class='ocrx_word' id='word_1_297' title='bbox 760 4527 967 4581; x_wconf 83' lang='lat' dir='ltr'>llanielucotum</span> <span class='ocrx_word' id='word_1_298' title='bbox 983 4526 1119 4596; x_wconf 88' lang='lat' dir='ltr'>impietate</span> <span class='ocrx_word' id='word_1_299' title='bbox 1131 4527 1214 4596; x_wconf 91' lang='lat' dir='ltr'>depo-</span> 
     </span>
     <span class='ocr_line' id='line_1_44' title="bbox 423 4616 1211 4692; baseline -0.008 -15"><span class='ocrx_word' id='word_1_300' title='bbox 423 4622 479 4692; x_wconf 80' lang='lat' dir='ltr'>uis3</span> <span class='ocrx_word' id='word_1_301' title='bbox 495 4622 542 4677; x_wconf 88' lang='lat' dir='ltr'>scd</span> <span class='ocrx_word' id='word_1_302' title='bbox 554 4630 606 4676; x_wconf 81' lang='lat' dir='ltr'>ttm</span> <span class='ocrx_word' id='word_1_303' title='bbox 618 4621 760 4674; x_wconf 89' lang='lat' dir='ltr'>immanem</span> <span class='ocrx_word' id='word_1_304' title='bbox 774 4617 839 4672; x_wconf 89' lang='lat' dir='ltr'>moti</span> <span class='ocrx_word' id='word_1_305' title='bbox 849 4617 944 4687; x_wconf 88' lang='lat' dir='ltr'>eapitis</span> <span class='ocrx_word' id='word_1_306' title='bbox 952 4618 1070 4672; x_wconf 87' lang='lat' dir='ltr'>ostendis</span> <span class='ocrx_word' id='word_1_307' title='bbox 1083 4616 1211 4680; x_wconf 81' lang='lat' dir='ltr'>lunonem,</span> 
     </span>
     <span class='ocr_line' id='line_1_45' title="bbox 421 4705 1214 4781; baseline -0.004 -18"><span class='ocrx_word' id='word_1_308' title='bbox 421 4722 450 4766; x_wconf 93' lang='lat' dir='ltr'>ut</span> <span class='ocrx_word' id='word_1_309' title='bbox 464 4708 670 4781; x_wconf 87' lang='lat' dir='ltr'>cuttscqucntius</span> <span class='ocrx_word' id='word_1_310' title='bbox 685 4705 837 4772; x_wconf 89' lang='lat' dir='ltr'>loreudum,</span> <span class='ocrx_word' id='word_1_311' title='bbox 849 4720 928 4775; x_wconf 85' lang='lat' dir='ltr'>quam</span> <span class='ocrx_word' id='word_1_312' title='bbox 943 4707 1132 4774; x_wconf 89' lang='lat' dir='ltr'>amputandum</span> <span class='ocrx_word' id='word_1_313' title='bbox 1142 4707 1214 4776; x_wconf 78' lang='lat' dir='ltr'>iudi-</span> 
     </span>
     <span class='ocr_line' id='line_1_46' title="bbox 420 4795 1211 4867; baseline -0.005 -13"><span class='ocrx_word' id='word_1_314' title='bbox 420 4809 537 4867; x_wconf 85' lang='lat' dir='ltr'>caretur,</span> <span class='ocrx_word' id='word_1_315' title='bbox 551 4799 602 4854; x_wconf 90' lang='lat' dir='ltr'>nisi</span> <span class='ocrx_word' id='word_1_316' title='bbox 617 4799 778 4853; x_wconf 86' lang='lat' dir='ltr'>roltrntatem</span> <span class='ocrx_word' id='word_1_317' title='bbox 792 4811 823 4853; x_wconf 85' lang='lat' dir='ltr'>ac</span> <span class='ocrx_word' id='word_1_318' title='bbox 837 4795 952 4851; x_wconf 89' lang='lat' dir='ltr'>studium</span> <span class='ocrx_word' id='word_1_319' title='bbox 973 4797 999 4850; x_wconf 93' lang='lat' dir='ltr'>in</span> <span class='ocrx_word' id='word_1_320' title='bbox 1016 4796 1064 4850; x_wconf 89' lang='lat' dir='ltr'>bac</span> <span class='ocrx_word' id='word_1_321' title='bbox 1084 4812 1113 4850; x_wconf 84' lang='lat' dir='ltr'>re</span> <span class='ocrx_word' id='word_1_322' title='bbox 1128 4805 1211 4860; x_wconf 92' lang='lat' dir='ltr'>tuum,</span> 
     </span>
     <span class='ocr_line' id='line_1_47' title="bbox 419 4887 1212 4958; baseline -0.004 -13"><span class='ocrx_word' id='word_1_323' title='bbox 419 4899 448 4945; x_wconf 88' lang='lat' dir='ltr'>ct</span> <span class='ocrx_word' id='word_1_324' title='bbox 458 4892 602 4945; x_wconf 89' lang='lat' dir='ltr'>multorum</span> <span class='ocrx_word' id='word_1_325' title='bbox 625 4888 739 4951; x_wconf 86' lang='lat' dir='ltr'>cretsio,</span> <span class='ocrx_word' id='word_1_326' title='bbox 753 4896 780 4943; x_wconf 87' lang='lat' dir='ltr'>et</span> <span class='ocrx_word' id='word_1_327' title='bbox 793 4897 837 4941; x_wconf 90' lang='lat' dir='ltr'>tua</span> <span class='ocrx_word' id='word_1_328' title='bbox 852 4887 1006 4954; x_wconf 89' lang='lat' dir='ltr'>obstinatio,</span> <span class='ocrx_word' id='word_1_329' title='bbox 1020 4898 1047 4942; x_wconf 93' lang='lat' dir='ltr'>et</span> <span class='ocrx_word' id='word_1_330' title='bbox 1060 4887 1212 4958; x_wconf 84' lang='lat' dir='ltr'>Scriptura·</span> 
     </span>
     <span class='ocr_line' id='line_1_48' title="bbox 420 4978 855 5050; baseline -0.009 -16"><span class='ocrx_word' id='word_1_331' title='bbox 420 4995 480 5034; x_wconf 89' lang='lat' dir='ltr'>rum</span> <span class='ocrx_word' id='word_1_332' title='bbox 494 4978 678 5050; x_wconf 69' lang='lat' dir='ltr'>multiplicatio</span> <span class='ocrx_word' id='word_1_333' title='bbox 690 4978 855 5046; x_wconf 86' lang='lat' dir='ltr'>loqueretur.</span> 
     </span>
    </p>

    <p class='ocr_par' dir='ltr' id='par_1_6' title="bbox 418 5069 1212 5506">
     <span class='ocr_line' id='line_1_49' title="bbox 457 5069 1212 5139; baseline 0.001 -14"><span class='ocrx_word' id='word_1_334' title='bbox 457 5072 524 5126; x_wconf 85' lang='lat' dir='ltr'>dua.</span> <span class='ocrx_word' id='word_1_335' title='bbox 546 5069 599 5124; x_wconf 89' lang='lat' dir='ltr'>llas</span> <span class='ocrx_word' id='word_1_336' title='bbox 613 5069 788 5123; x_wconf 87' lang='lat' dir='ltr'>contumelias</span> <span class='ocrx_word' id='word_1_337' title='bbox 806 5085 857 5123; x_wconf 93' lang='lat' dir='ltr'>non</span> <span class='ocrx_word' id='word_1_338' title='bbox 874 5069 1041 5139; x_wconf 88' lang='lat' dir='ltr'>indignanter</span> <span class='ocrx_word' id='word_1_339' title='bbox 1057 5071 1149 5126; x_wconf 85' lang='lat' dir='ltr'>audite</span> <span class='ocrx_word' id='word_1_340' title='bbox 1163 5071 1212 5126; x_wconf 92' lang='lat' dir='ltr'>de·</span> 
     </span>
     <span class='ocr_line' id='line_1_50' title="bbox 421 5159 1211 5233; baseline 0 -14"><span class='ocrx_word' id='word_1_341' title='bbox 421 5163 481 5226; x_wconf 85' lang='lat' dir='ltr'>beo,</span> <span class='ocrx_word' id='word_1_342' title='bbox 506 5176 567 5217; x_wconf 87' lang='lat' dir='ltr'>cum</span> <span class='ocrx_word' id='word_1_343' title='bbox 594 5160 635 5214; x_wconf 89' lang='lat' dir='ltr'>bis</span> <span class='ocrx_word' id='word_1_344' title='bbox 657 5159 783 5215; x_wconf 72' lang='lat' dir='ltr'>Ecclesiae</span> <span class='ocrx_word' id='word_1_345' title='bbox 806 5161 969 5227; x_wconf 86' lang='lat' dir='ltr'>doctoribus,</span> <span class='ocrx_word' id='word_1_346' title='bbox 993 5165 1038 5233; x_wconf 89' lang='lat' dir='ltr'>qni</span> <span class='ocrx_word' id='word_1_347' title='bbox 1062 5180 1108 5233; x_wconf 90' lang='lat' dir='ltr'>pct·</span> <span class='ocrx_word' id='word_1_348' title='bbox 1131 5182 1211 5219; x_wconf 92' lang='lat' dir='ltr'>uuum</span> 
     </span>
     <span class='ocr_line' id='line_1_51' title="bbox 421 5250 1211 5322; baseline 0.004 -14"><span class='ocrx_word' id='word_1_349' title='bbox 421 5255 557 5308; x_wconf 89' lang='lat' dir='ltr'>bominem</span> <span class='ocrx_word' id='word_1_350' title='bbox 571 5253 597 5307; x_wconf 95' lang='lat' dir='ltr'>in</span> <span class='ocrx_word' id='word_1_351' title='bbox 618 5250 746 5306; x_wconf 88' lang='lat' dir='ltr'>mundum</span> <span class='ocrx_word' id='word_1_352' title='bbox 762 5252 886 5308; x_wconf 77' lang='lat' dir='ltr'>introisse</span> <span class='ocrx_word' id='word_1_353' title='bbox 909 5263 1056 5322; x_wconf 77' lang='lat' dir='ltr'>qrcccatum,</span> <span class='ocrx_word' id='word_1_354' title='bbox 1072 5257 1112 5310; x_wconf 90' lang='lat' dir='ltr'>sic</span> <span class='ocrx_word' id='word_1_355' title='bbox 1132 5259 1211 5312; x_wconf 90' lang='lat' dir='ltr'>iutcl·</span> 
     </span>
     <span class='ocr_line' id='line_1_52' title="bbox 421 5343 1211 5415; baseline 0.006 -16"><span class='ocrx_word' id='word_1_356' title='bbox 421 5345 515 5415; x_wconf 87' lang='lat' dir='ltr'>ligant,</span> <span class='ocrx_word' id='word_1_357' title='bbox 538 5352 568 5397; x_wconf 93' lang='lat' dir='ltr'>ut</span> <span class='ocrx_word' id='word_1_358' title='bbox 580 5352 669 5398; x_wconf 87' lang='lat' dir='ltr'>rectus</span> <span class='ocrx_word' id='word_1_359' title='bbox 682 5343 827 5412; x_wconf 79' lang='lat' dir='ltr'>Apostolus</span> <span class='ocrx_word' id='word_1_360' title='bbox 841 5344 967 5413; x_wconf 88' lang='lat' dir='ltr'>loquitur,</span> <span class='ocrx_word' id='word_1_361' title='bbox 982 5362 1034 5401; x_wconf 94' lang='lat' dir='ltr'>uou</span> <span class='ocrx_word' id='word_1_362' title='bbox 1047 5358 1075 5401; x_wconf 93' lang='lat' dir='ltr'>nt</span> <span class='ocrx_word' id='word_1_363' title='bbox 1089 5348 1211 5404; x_wconf 88' lang='lat' dir='ltr'>lulianus</span> 
     </span>
     <span class='ocr_line' id='line_1_53' title="bbox 418 5433 1209 5506; baseline 0.01 -21"><span class='ocrx_word' id='word_1_364' title='bbox 418 5434 639 5506; x_wconf 77' lang='lat' dir='ltr'>perversissimus</span> <span class='ocrx_word' id='word_1_365' title='bbox 650 5434 783 5502; x_wconf 89' lang='lat' dir='ltr'>opinatur.</span> <span class='ocrx_word' id='word_1_366' title='bbox 801 5433 827 5488; x_wconf 94' lang='grc' dir='ltr'>Ιιι</span> <span class='ocrx_word' id='word_1_367' title='bbox 843 5435 885 5491; x_wconf 93' lang='lat' dir='ltr'>bis</span> <span class='ocrx_word' id='word_1_368' title='bbox 897 5444 1006 5502; x_wconf 89' lang='lat' dir='ltr'>suut,ut</span> <span class='ocrx_word' id='word_1_369' title='bbox 1018 5439 1083 5492; x_wconf 91' lang='lat' dir='ltr'>alios</span> <span class='ocrx_word' id='word_1_370' title='bbox 1097 5449 1209 5503; x_wconf 89' lang='lat' dir='ltr'>taccam,</span> 
     </span>
    </p>
   </div>
   <div class='ocr_carea' id='block_1_2' title="bbox 777 668 1739 737">
    <p class='ocr_par' dir='ltr' id='par_1_7' title="bbox 777 668 1739 737">
     <span class='ocr_line' id='line_1_54' title="bbox 777 668 1739 737; baseline -0.004 -6"><span class='ocrx_word' id='word_1_371' title='bbox 777 673 899 730; x_wconf 72' lang='lat' dir='ltr'>oratus</span> <span class='ocrx_word' id='word_1_372' title='bbox 916 668 1122 725; x_wconf 71' lang='lat' dir='ltr'>titubantem</span> <span class='ocrx_word' id='word_1_373' title='bbox 1143 669 1279 723; x_wconf 70' lang='lat' dir='ltr'>‹Juxttta</span> <span class='ocrx_word' id='word_1_374' title='bbox 1300 668 1481 737; x_wconf 39' lang='lat' dir='ltr'>tutatartb&#39;lt,</span> <span class='ocrx_word' id='word_1_375' title='bbox 1503 670 1532 725; x_wconf 85' lang='lat' dir='ltr'>S.</span> <span class='ocrx_word' id='word_1_376' title='bbox 1554 671 1739 727; x_wconf 77' lang='lat' dir='ltr'>XUGL‘S&#39;lle</span> 
     </span>
    </p>
   </div>
   <div class='ocr_carea' id='block_1_3' title="bbox 2000 675 2071 732">
    <p class='ocr_par' dir='ltr' id='par_1_8' title="bbox 2000 675 2071 732">
     <span class='ocr_line' id='line_1_55' title="bbox 2000 675 2071 732; baseline 0 0"><span class='ocrx_word' id='word_1_377' title='bbox 2000 675 2071 732; x_wconf 75' lang='lat' dir='ltr'>{le</span> 
     </span>
    </p>
   </div>
   <div class='ocr_carea' id='block_1_4' title="bbox 1263 782 2095 5514">
    <p class='ocr_par' dir='ltr' id='par_1_9' title="bbox 1277 782 2071 1132">
     <span class='ocr_line' id='line_1_56' title="bbox 1316 782 2071 860; baseline 0.013 -22"><span class='ocrx_word' id='word_1_378' title='bbox 1316 782 1435 840; x_wconf 67' lang='lat' dir='ltr'>xxth.</span> <span class='ocrx_word' id='word_1_379' title='bbox 1456 785 1514 841; x_wconf 84' lang='lat' dir='ltr'>lue.</span> <span class='ocrx_word' id='word_1_380' title='bbox 1536 786 1605 857; x_wconf 83' lang='lat' dir='ltr'>Lege</span> <span class='ocrx_word' id='word_1_381' title='bbox 1620 789 1692 843; x_wconf 84' lang='lat' dir='ltr'>etde</span> <span class='ocrx_word' id='word_1_382' title='bbox 1707 789 1757 844; x_wconf 91' lang='lat' dir='ltr'>ltoc</span> <span class='ocrx_word' id='word_1_383' title='bbox 1771 799 1893 859; x_wconf 89' lang='lat' dir='ltr'>quartum</span> <span class='ocrx_word' id='word_1_384' title='bbox 1909 790 1998 860; x_wconf 85' lang='lat' dir='ltr'>operis</span> <span class='ocrx_word' id='word_1_385' title='bbox 2017 795 2071 848; x_wconf 89' lang='lat' dir='ltr'>mci</span> 
     </span>
     <span class='ocr_line' id='line_1_57' title="bbox 1278 876 2068 949; baseline 0.011 -21"><span class='ocrx_word' id='word_1_386' title='bbox 1278 876 1374 930; x_wconf 88' lang='lat' dir='ltr'>librum</span> <span class='ocrx_word' id='word_1_387' title='bbox 1390 894 1396 929; x_wconf 74' lang='grc' dir='ltr'>ι</span> <span class='ocrx_word' id='word_1_388' title='bbox 1412 885 1440 931; x_wconf 94' lang='lat' dir='ltr'>et</span> <span class='ocrx_word' id='word_1_389' title='bbox 1452 888 1578 946; x_wconf 91' lang='lat' dir='ltr'>qnantum</span> <span class='ocrx_word' id='word_1_390' title='bbox 1593 879 1708 943; x_wconf 84' lang='lat' dir='ltr'>diabolo,</span> <span class='ocrx_word' id='word_1_391' title='bbox 1722 896 1800 949; x_wconf 89' lang='lat' dir='ltr'>qncm</span> <span class='ocrx_word' id='word_1_392' title='bbox 1822 890 1923 949; x_wconf 88' lang='lat' dir='ltr'>patrem</span> <span class='ocrx_word' id='word_1_393' title='bbox 1938 891 2010 935; x_wconf 87' lang='lat' dir='ltr'>tuum</span> <span class='ocrx_word' id='word_1_394' title='bbox 2026 885 2068 938; x_wconf 90' lang='lat' dir='ltr'>di·</span> 
     </span>
     <span class='ocr_line' id='line_1_58' title="bbox 1277 967 2070 1043; baseline 0.009 -23"><span class='ocrx_word' id='word_1_395' title='bbox 1277 968 1332 1029; x_wconf 77' lang='lat' dir='ltr'>cis,</span> <span class='ocrx_word' id='word_1_396' title='bbox 1353 981 1385 1022; x_wconf 92' lang='lat' dir='ltr'>ae</span> <span class='ocrx_word' id='word_1_397' title='bbox 1404 967 1504 1021; x_wconf 93' lang='lat' dir='ltr'>libidini</span> <span class='ocrx_word' id='word_1_398' title='bbox 1529 970 1607 1023; x_wconf 90' lang='lat' dir='ltr'>matri</span> <span class='ocrx_word' id='word_1_399' title='bbox 1634 972 1712 1036; x_wconf 75' lang='lat' dir='ltr'>tuac¹,</span> <span class='ocrx_word' id='word_1_400' title='bbox 1732 970 1782 1026; x_wconf 80' lang='lat' dir='ltr'>aab</span> <span class='ocrx_word' id='word_1_401' title='bbox 1800 970 1957 1026; x_wconf 89' lang='lat' dir='ltr'>criminandi</span> <span class='ocrx_word' id='word_1_402' title='bbox 1977 975 2070 1043; x_wconf 87' lang='lat' dir='ltr'>specie</span> 
     </span>
     <span class='ocr_line' id='line_1_59' title="bbox 1277 1058 1597 1132; baseline -0.003 -17"><span class='ocrx_word' id='word_1_403' title='bbox 1277 1058 1440 1127; x_wconf 86' lang='lat' dir='ltr'>blandiaris,</span> <span class='ocrx_word' id='word_1_404' title='bbox 1456 1061 1597 1132; x_wconf 90' lang='lat' dir='ltr'>intclligcs.</span> 
     </span>
    </p>

    <p class='ocr_par' dir='ltr' id='par_1_10' title="bbox 1277 1150 2071 1401">
     <span class='ocr_line' id='line_1_60' title="bbox 1315 1150 2069 1222; baseline 0.007 -18"><span class='ocrx_word' id='word_1_405' title='bbox 1315 1151 1381 1206; x_wconf 81' lang='lat' dir='ltr'>bra.</span> <span class='ocrx_word' id='word_1_406' title='bbox 1403 1150 1466 1220; x_wconf 84' lang='lat' dir='ltr'>Legi</span> <span class='ocrx_word' id='word_1_407' title='bbox 1485 1152 1564 1206; x_wconf 89' lang='lat' dir='ltr'>ctiam</span> <span class='ocrx_word' id='word_1_408' title='bbox 1579 1161 1701 1222; x_wconf 89' lang='lat' dir='ltr'>quartum</span> <span class='ocrx_word' id='word_1_409' title='bbox 1721 1162 1805 1219; x_wconf 88' lang='lat' dir='ltr'>tuum,</span> <span class='ocrx_word' id='word_1_410' title='bbox 1821 1163 1848 1210; x_wconf 91' lang='lat' dir='ltr'>et</span> <span class='ocrx_word' id='word_1_411' title='bbox 1866 1169 1927 1209; x_wconf 92' lang='lat' dir='ltr'>meo</span> <span class='ocrx_word' id='word_1_412' title='bbox 1946 1165 2022 1209; x_wconf 81' lang='lat' dir='ltr'>sesto</span> <span class='ocrx_word' id='word_1_413' title='bbox 2035 1155 2069 1211; x_wconf 91' lang='lat' dir='ltr'>ad</span> 
     </span>
     <span class='ocr_line' id='line_1_61' title="bbox 1277 1239 2071 1313; baseline 0.008 -19"><span class='ocrx_word' id='word_1_414' title='bbox 1277 1239 1335 1308; x_wconf 82' lang='lat' dir='ltr'>cjrts</span> <span class='ocrx_word' id='word_1_415' title='bbox 1347 1241 1393 1295; x_wconf 90' lang='lat' dir='ltr'>tibi</span> <span class='ocrx_word' id='word_1_416' title='bbox 1403 1249 1499 1296; x_wconf 88' lang='lat' dir='ltr'>cuncta</span> <span class='ocrx_word' id='word_1_417' title='bbox 1514 1243 1660 1311; x_wconf 71' lang='lat' dir='ltr'>respuitur,</span> <span class='ocrx_word' id='word_1_418' title='bbox 1680 1245 1741 1313; x_wconf 89' lang='lat' dir='ltr'>quis</span> <span class='ocrx_word' id='word_1_419' title='bbox 1759 1254 1847 1299; x_wconf 87' lang='lat' dir='ltr'>aulem</span> <span class='ocrx_word' id='word_1_420' title='bbox 1861 1254 1982 1300; x_wconf 89' lang='lat' dir='ltr'>nostrum</span> <span class='ocrx_word' id='word_1_421' title='bbox 1999 1251 2071 1300; x_wconf 89' lang='lat' dir='ltr'>rice·</span> 
     </span>
     <span class='ocr_line' id='line_1_62' title="bbox 1278 1329 1775 1401; baseline 0.014 -19"><span class='ocrx_word' id='word_1_422' title='bbox 1278 1329 1323 1392; x_wconf 91' lang='lat' dir='ltr'>rit,</span> <span class='ocrx_word' id='word_1_423' title='bbox 1338 1330 1440 1398; x_wconf 82' lang='lat' dir='ltr'>judicet</span> <span class='ocrx_word' id='word_1_424' title='bbox 1454 1332 1513 1401; x_wconf 90' lang='lat' dir='ltr'>pius</span> <span class='ocrx_word' id='word_1_425' title='bbox 1526 1333 1612 1387; x_wconf 87' lang='lat' dir='ltr'>lector</span> <span class='ocrx_word' id='word_1_426' title='bbox 1624 1334 1775 1389; x_wconf 91' lang='lat' dir='ltr'>amborum.</span> 
     </span>
    </p>

    <p class='ocr_par' dir='ltr' id='par_1_11' title="bbox 1268 1419 2070 4141">
     <span class='ocr_line' id='line_1_63' title="bbox 1313 1419 2069 1495; baseline 0.012 -22"><span class='ocrx_word' id='word_1_427' title='bbox 1313 1419 1422 1474; x_wconf 76' lang='lat' dir='ltr'>XXXX.</span> <span class='ocrx_word' id='word_1_428' title='bbox 1439 1422 1497 1476; x_wconf 85' lang='lat' dir='ltr'>let.</span> <span class='ocrx_word' id='word_1_429' title='bbox 1513 1422 1610 1477; x_wconf 73' lang='lat' dir='ltr'>l&#39;crum</span> <span class='ocrx_word' id='word_1_430' title='bbox 1622 1424 1676 1493; x_wconf 80' lang='lat' dir='ltr'>jam</span> <span class='ocrx_word' id='word_1_431' title='bbox 1691 1426 1809 1495; x_wconf 72' lang='lat' dir='ltr'>Apostoli</span> <span class='ocrx_word' id='word_1_432' title='bbox 1823 1427 1903 1482; x_wconf 88' lang='lat' dir='ltr'>rerba</span> <span class='ocrx_word' id='word_1_433' title='bbox 1920 1428 2069 1495; x_wconf 87' lang='lat' dir='ltr'>rideamus,</span> 
     </span>
     <span class='ocr_line' id='line_1_64' title="bbox 1276 1514 2070 1590; baseline 0.014 -24"><span class='ocrx_word' id='word_1_434' title='bbox 1276 1528 1355 1582; x_wconf 90' lang='lat' dir='ltr'>quem</span> <span class='ocrx_word' id='word_1_435' title='bbox 1372 1514 1437 1569; x_wconf 89' lang='lat' dir='ltr'>milri</span> <span class='ocrx_word' id='word_1_436' title='bbox 1450 1516 1484 1570; x_wconf 90' lang='lat' dir='ltr'>ad</span> <span class='ocrx_word' id='word_1_437' title='bbox 1498 1517 1597 1582; x_wconf 89' lang='lat' dir='ltr'>omnia,</span> <span class='ocrx_word' id='word_1_438' title='bbox 1614 1533 1692 1588; x_wconf 91' lang='lat' dir='ltr'>quem</span> <span class='ocrx_word' id='word_1_439' title='bbox 1707 1533 1787 1587; x_wconf 92' lang='lat' dir='ltr'>supra</span> <span class='ocrx_word' id='word_1_440' title='bbox 1802 1521 1890 1588; x_wconf 92' lang='lat' dir='ltr'>posni,</span> <span class='ocrx_word' id='word_1_441' title='bbox 1907 1521 2070 1590; x_wconf 88' lang='lat' dir='ltr'>respondere</span> 
     </span>
     <span class='ocr_line' id='line_1_65' title="bbox 1276 1603 2070 1681; baseline 0.013 -26"><span class='ocrx_word' id='word_1_442' title='bbox 1276 1603 1386 1660; x_wconf 76' lang='lat' dir='ltr'>dixisti:</span> <span class='ocrx_word' id='word_1_443' title='bbox 1407 1605 1448 1659; x_wconf 81' lang='lat' dir='ltr'>Ad</span> <span class='ocrx_word' id='word_1_444' title='bbox 1465 1608 1551 1660; x_wconf 87' lang='lat' dir='ltr'>omniu</span> <span class='ocrx_word' id='word_1_445' title='bbox 1570 1609 1619 1661; x_wconf 88' lang='lat' dir='ltr'>istu</span> <span class='ocrx_word' id='word_1_446' title='bbox 1639 1610 1697 1662; x_wconf 87' lang='lat' dir='ltr'>lruic</span> <span class='ocrx_word' id='word_1_447' title='bbox 1719 1611 1847 1677; x_wconf 81' lang='lat' dir='ltr'>resportdit</span> <span class='ocrx_word' id='word_1_448' title='bbox 1865 1610 2012 1680; x_wconf 74' lang='lat' dir='ltr'>Apostolus,</span> <span class='ocrx_word' id='word_1_449' title='bbox 2027 1614 2070 1681; x_wconf 83' lang='lat' dir='ltr'>qui</span> 
     </span>
     <span class='ocr_line' id='line_1_66' title="bbox 1276 1697 2069 1770; baseline 0.011 -24"><span class='ocrx_word' id='word_1_450' title='bbox 1276 1711 1354 1763; x_wconf 86' lang='lat' dir='ltr'>neque</span> <span class='ocrx_word' id='word_1_451' title='bbox 1374 1697 1528 1750; x_wconf 87' lang='lat' dir='ltr'>uoluntatem</span> <span class='ocrx_word' id='word_1_452' title='bbox 1546 1699 1630 1768; x_wconf 74' lang='lat' dir='ltr'>arquis</span> <span class='ocrx_word' id='word_1_453' title='bbox 1654 1699 1834 1769; x_wconf 66' lang='lat' dir='ltr'>parvulique</span> <span class='ocrx_word' id='word_1_454' title='bbox 1852 1701 1955 1770; x_wconf 85' lang='lat' dir='ltr'>propria</span> <span class='ocrx_word' id='word_1_455' title='bbox 1974 1701 2002 1754; x_wconf 90' lang='lat' dir='ltr'>in</span> <span class='ocrx_word' id='word_1_456' title='bbox 2023 1700 2069 1755; x_wconf 87' lang='lat' dir='ltr'>illo</span> 
     </span>
     <span class='ocr_line' id='line_1_67' title="bbox 1277 1787 2068 1862; baseline 0.009 -23"><span class='ocrx_word' id='word_1_457' title='bbox 1277 1787 1390 1861; x_wconf 84' lang='lat' dir='ltr'>nondum</span> <span class='ocrx_word' id='word_1_458' title='bbox 1409 1797 1445 1842; x_wconf 86' lang='lat' dir='ltr'>est</span> <span class='ocrx_word' id='word_1_459' title='bbox 1463 1789 1498 1842; x_wconf 83' lang='lat' dir='ltr'>ad</span> <span class='ocrx_word' id='word_1_460' title='bbox 1516 1790 1689 1858; x_wconf 84' lang='lat' dir='ltr'>peccandunr,·</span> <span class='ocrx_word' id='word_1_461' title='bbox 1717 1807 1795 1860; x_wconf 89' lang='lat' dir='ltr'>neque</span> <span class='ocrx_word' id='word_1_462' title='bbox 1813 1793 1922 1860; x_wconf 85' lang='lat' dir='ltr'>rtuptius,</span> <span class='ocrx_word' id='word_1_463' title='bbox 1943 1794 1969 1846; x_wconf 90' lang='lat' dir='ltr'>in</span> <span class='ocrx_word' id='word_1_464' title='bbox 1988 1810 2068 1862; x_wconf 91' lang='lat' dir='ltr'>quan·</span> 
     </span>
     <span class='ocr_line' id='line_1_68' title="bbox 1278 1880 2067 1952; baseline 0.011 -22"><span class='ocrx_word' id='word_1_465' title='bbox 1278 1887 1332 1931; x_wconf 87' lang='lat' dir='ltr'>trrnt</span> <span class='ocrx_word' id='word_1_466' title='bbox 1350 1880 1446 1952; x_wconf 77' lang='lat' dir='ltr'>nuptiae</span> <span class='ocrx_word' id='word_1_467' title='bbox 1464 1890 1538 1946; x_wconf 87' lang='lat' dir='ltr'>sunt,</span> <span class='ocrx_word' id='word_1_468' title='bbox 1557 1897 1615 1952; x_wconf 84' lang='lat' dir='ltr'>quoe</span> <span class='ocrx_word' id='word_1_469' title='bbox 1638 1883 1729 1937; x_wconf 86' lang='lat' dir='ltr'>lrabeat</span> <span class='ocrx_word' id='word_1_470' title='bbox 1748 1900 1764 1936; x_wconf 94' lang='lat' dir='ltr'>a</span> <span class='ocrx_word' id='word_1_471' title='bbox 1783 1883 1838 1937; x_wconf 85' lang='lat' dir='ltr'>Deo</span> <span class='ocrx_word' id='word_1_472' title='bbox 1857 1901 1906 1938; x_wconf 93' lang='lat' dir='ltr'>non</span> <span class='ocrx_word' id='word_1_473' title='bbox 1925 1885 2007 1939; x_wconf 83' lang='lat' dir='ltr'>solunt</span> <span class='ocrx_word' id='word_1_474' title='bbox 2025 1887 2067 1940; x_wconf 87' lang='lat' dir='ltr'>irr-</span> 
     </span>
     <span class='ocr_line' id='line_1_69' title="bbox 1275 1970 2068 2045; baseline 0.009 -22"><span class='ocrx_word' id='word_1_475' title='bbox 1275 1970 1441 2036; x_wconf 77' lang='lat' dir='ltr'>stitutionem,</span> <span class='ocrx_word' id='word_1_476' title='bbox 1455 1987 1540 2025; x_wconf 80' lang='lat' dir='ltr'>uerunt</span> <span class='ocrx_word' id='word_1_477' title='bbox 1553 1973 1628 2026; x_wconf 90' lang='lat' dir='ltr'>etiam</span> <span class='ocrx_word' id='word_1_478' title='bbox 1644 1973 1859 2040; x_wconf 84' lang='lat' dir='ltr'>bencdictioncm;</span> <span class='ocrx_word' id='word_1_479' title='bbox 1878 1991 1957 2045; x_wconf 87' lang='lat' dir='ltr'>neque</span> <span class='ocrx_word' id='word_1_480' title='bbox 1976 1993 2068 2045; x_wconf 89' lang='lat' dir='ltr'>parcn-</span> 
     </span>
     <span class='ocr_line' id='line_1_70' title="bbox 1275 2059 2068 2138; baseline 0.014 -27"><span class='ocrx_word' id='word_1_481' title='bbox 1275 2067 1322 2125; x_wconf 84' lang='lat' dir='ltr'>tes,</span> <span class='ocrx_word' id='word_1_482' title='bbox 1337 2059 1499 2130; x_wconf 87' lang='lat' dir='ltr'>inquantum</span> <span class='ocrx_word' id='word_1_483' title='bbox 1517 2072 1635 2131; x_wconf 85' lang='lat' dir='ltr'>parentes</span> <span class='ocrx_word' id='word_1_484' title='bbox 1645 2074 1712 2128; x_wconf 88' lang='lat' dir='ltr'>surtt,</span> <span class='ocrx_word' id='word_1_485' title='bbox 1726 2065 1830 2118; x_wconf 82' lang='lat' dir='ltr'>inuicem</span> <span class='ocrx_word' id='word_1_486' title='bbox 1845 2065 1912 2119; x_wconf 88' lang='lat' dir='ltr'>licite</span> <span class='ocrx_word' id='word_1_487' title='bbox 1923 2077 1996 2136; x_wconf 85' lang='lat' dir='ltr'>utque</span> <span class='ocrx_word' id='word_1_488' title='bbox 2006 2068 2068 2138; x_wconf 82' lang='lat' dir='ltr'>lepi-</span> 
     </span>
     <span class='ocr_line' id='line_1_71' title="bbox 1275 2149 2063 2227; baseline 0.013 -25"><span class='ocrx_word' id='word_1_489' title='bbox 1275 2149 1334 2203; x_wconf 89' lang='lat' dir='ltr'>tinte</span> <span class='ocrx_word' id='word_1_490' title='bbox 1343 2150 1377 2203; x_wconf 85' lang='lat' dir='ltr'>ad</span> <span class='ocrx_word' id='word_1_491' title='bbox 1388 2153 1558 2221; x_wconf 85' lang='lat' dir='ltr'>procreandos</span> <span class='ocrx_word' id='word_1_492' title='bbox 1570 2153 1638 2222; x_wconf 77' lang='lat' dir='ltr'>filios</span> <span class='ocrx_word' id='word_1_493' title='bbox 1650 2156 1778 2227; x_wconf 73' lang='lat' dir='ltr'>conjugati</span> <span class='ocrx_word' id='word_1_494' title='bbox 1785 2173 1794 2208; x_wconf 95' lang='lat'><em>:</em></span> <span class='ocrx_word' id='word_1_495' title='bbox 1802 2157 1855 2220; x_wconf 83' lang='lat' dir='ltr'>sed,</span> <span class='ocrx_word' id='word_1_496' title='bbox 1866 2176 1874 2207; x_wconf 87' lang='grc' dir='ltr'>ι</span> <span class='ocrx_word' id='word_1_497' title='bbox 1891 2156 2040 2225; x_wconf 77' lang='lat' dir='ltr'>Pertinere,</span> <span class='ocrx_word' id='word_1_498' title='bbox 2053 2179 2063 2212; x_wconf 85' lang='lat' dir='ltr'>r</span> 
     </span>
     <span class='ocr_line' id='line_1_72' title="bbox 1274 2242 2066 2321; baseline 0.013 -27"><span class='ocrx_word' id='word_1_499' title='bbox 1274 2242 1385 2313; x_wconf 65' lang='lat' dir='ltr'>inquiat</span> <span class='ocrx_word' id='word_1_500' title='bbox 1401 2244 1527 2299; x_wconf 88' lang='lat' dir='ltr'>ltontiucnt</span> <span class='ocrx_word' id='word_1_501' title='bbox 1542 2256 1669 2316; x_wconf 86' lang='lat' dir='ltr'>peccatum</span> <span class='ocrx_word' id='word_1_502' title='bbox 1681 2247 1781 2301; x_wconf 88' lang='lat' dir='ltr'>intrauit</span> <span class='ocrx_word' id='word_1_503' title='bbox 1796 2249 1822 2302; x_wconf 89' lang='lat' dir='ltr'>in</span> <span class='ocrx_word' id='word_1_504' title='bbox 1837 2252 1969 2317; x_wconf 84' lang='lat' dir='ltr'>ntuntltrm,</span> <span class='ocrx_word' id='word_1_505' title='bbox 1983 2261 2007 2304; x_wconf 82' lang='lat' dir='ltr'>rt</span> <span class='ocrx_word' id='word_1_506' title='bbox 2021 2269 2066 2321; x_wconf 88' lang='lat' dir='ltr'>per</span> 
     </span>
     <span class='ocr_line' id='line_1_73' title="bbox 1277 2339 2065 2412; baseline 0.014 -28"><span class='ocrx_word' id='word_1_507' title='bbox 1277 2349 1287 2384; x_wconf 87' lang='grc' dir='ltr'>ι</span> <span class='ocrx_word' id='word_1_508' title='bbox 1310 2345 1440 2406; x_wconf 82' lang='lat' dir='ltr'>peccatum</span> <span class='ocrx_word' id='word_1_509' title='bbox 1451 2354 1520 2392; x_wconf 87' lang='lat' dir='ltr'>mors</span> <span class='ocrx_word' id='word_1_510' title='bbox 1528 2355 1538 2404; x_wconf 87' lang='lat'>,·</span> <span class='ocrx_word' id='word_1_511' title='bbox 1552 2348 1576 2392; x_wconf 85' lang='lat' dir='ltr'>ct</span> <span class='ocrx_word' id='word_1_512' title='bbox 1590 2339 1625 2392; x_wconf 89' lang='lat' dir='ltr'>itu</span> <span class='ocrx_word' id='word_1_513' title='bbox 1646 2341 1672 2394; x_wconf 92' lang='lat' dir='ltr'>in</span> <span class='ocrx_word' id='word_1_514' title='bbox 1685 2358 1770 2396; x_wconf 88' lang='lat' dir='ltr'>ontues</span> <span class='ocrx_word' id='word_1_515' title='bbox 1784 2342 1896 2396; x_wconf 83' lang='lat' dir='ltr'>ltontines</span> <span class='ocrx_word' id='word_1_516' title='bbox 1910 2347 2065 2412; x_wconf 86' lang='lat' dir='ltr'>pertransiit,</span> 
     </span>
     <span class='ocr_line' id='line_1_74' title="bbox 1277 2425 2066 2503; baseline 0.02 -29"><span class='ocrx_word' id='word_1_517' title='bbox 1277 2441 1287 2474; x_wconf 89' lang='lat' dir='ltr'>r</span> <span class='ocrx_word' id='word_1_518' title='bbox 1309 2425 1336 2478; x_wconf 86' lang='lat' dir='ltr'>ia</span> <span class='ocrx_word' id='word_1_519' title='bbox 1349 2442 1494 2496; x_wconf 86' lang='lat' dir='ltr'>quoomues</span> <span class='ocrx_word' id='word_1_520' title='bbox 1509 2440 1674 2499; x_wconf 77' lang='lat' dir='ltr'>peccaverunt</span> <span class='ocrx_word' id='word_1_521' title='bbox 1696 2451 1706 2484; x_wconf 86' lang='lat' dir='ltr'>r</span> <span class='ocrx_word' id='word_1_522' title='bbox 1725 2432 1812 2502; x_wconf 81' lang='lat' dir='ltr'>(iloto.</span> <span class='ocrx_word' id='word_1_523' title='bbox 1827 2450 1852 2498; x_wconf 86' lang='lat' dir='ltr'>r,</span> <span class='ocrx_word' id='word_1_524' title='bbox 1869 2435 1923 2503; x_wconf 66' lang='lat' dir='ltr'>ta).</span> <span class='ocrx_word' id='word_1_525' title='bbox 1939 2436 2012 2501; x_wconf 83' lang='lat' dir='ltr'>Quod</span> <span class='ocrx_word' id='word_1_526' title='bbox 2024 2438 2066 2490; x_wconf 80' lang='lat' dir='ltr'>isti</span> 
     </span>
     <span class='ocr_line' id='line_1_75' title="bbox 1274 2516 2065 2594; baseline 0.011 -26"><span class='ocrx_word' id='word_1_527' title='bbox 1274 2516 1296 2570; x_wconf 90' lang='lat' dir='ltr'>st&#39;</span> <span class='ocrx_word' id='word_1_528' title='bbox 1310 2517 1441 2571; x_wconf 87' lang='lat' dir='ltr'>cullrolicis</span> <span class='ocrx_word' id='word_1_529' title='bbox 1457 2519 1559 2574; x_wconf 86' lang='lat' dir='ltr'>auribus</span> <span class='ocrx_word' id='word_1_530' title='bbox 1574 2521 1747 2592; x_wconf 82' lang='lat' dir='ltr'>utentibusque</span> <span class='ocrx_word' id='word_1_531' title='bbox 1758 2525 1922 2594; x_wconf 84' lang='lat' dir='ltr'>perciperent,</span> <span class='ocrx_word' id='word_1_532' title='bbox 1934 2527 2065 2580; x_wconf 78' lang='lat' dir='ltr'>adcurrunt</span> 
     </span>
     <span class='ocr_line' id='line_1_76' title="bbox 1275 2605 2064 2682; baseline 0.014 -24"><span class='ocrx_word' id='word_1_533' title='bbox 1275 2605 1351 2674; x_wconf 73' lang='lat' dir='ltr'>fidem</span> <span class='ocrx_word' id='word_1_534' title='bbox 1364 2606 1522 2677; x_wconf 82' lang='lat' dir='ltr'>gratiamque</span> <span class='ocrx_word' id='word_1_535' title='bbox 1536 2609 1630 2664; x_wconf 87' lang='lat' dir='ltr'>Cltristi</span> <span class='ocrx_word' id='word_1_536' title='bbox 1642 2612 1743 2666; x_wconf 86' lang='lat' dir='ltr'>rebelles</span> <span class='ocrx_word' id='word_1_537' title='bbox 1756 2615 1854 2669; x_wconf 88' lang='lat' dir='ltr'>anintas</span> <span class='ocrx_word' id='word_1_538' title='bbox 1869 2632 1918 2669; x_wconf 91' lang='lat' dir='ltr'>non</span> <span class='ocrx_word' id='word_1_539' title='bbox 1936 2616 2064 2682; x_wconf 71' lang='lat' dir='ltr'>batnon,</span> 
     </span>
     <span class='ocr_line' id='line_1_77' title="bbox 1274 2701 2065 2776; baseline 0.015 -28"><span class='ocrx_word' id='word_1_540' title='bbox 1274 2712 1352 2767; x_wconf 88' lang='lat' dir='ltr'>neque</span> <span class='ocrx_word' id='word_1_541' title='bbox 1368 2707 1517 2752; x_wconf 82' lang='lat' dir='ltr'>cantarentur</span> <span class='ocrx_word' id='word_1_542' title='bbox 1531 2701 1649 2766; x_wconf 88' lang='lat' dir='ltr'>inaniter,</span> <span class='ocrx_word' id='word_1_543' title='bbox 1663 2703 1698 2756; x_wconf 85' lang='lat' dir='ltr'>ad</span> <span class='ocrx_word' id='word_1_544' title='bbox 1709 2719 1782 2757; x_wconf 84' lang='lat' dir='ltr'>auum</span> <span class='ocrx_word' id='word_1_545' title='bbox 1800 2707 1931 2776; x_wconf 84' lang='lat' dir='ltr'>proprium</span> <span class='ocrx_word' id='word_1_546' title='bbox 1945 2718 1968 2760; x_wconf 89' lang='lat' dir='ltr'>et</span> <span class='ocrx_word' id='word_1_547' title='bbox 1983 2709 2065 2761; x_wconf 75' lang='lat' dir='ltr'>laterc-</span> 
     </span>
     <span class='ocr_line' id='line_1_78' title="bbox 1274 2789 2064 2860; baseline 0.015 -21"><span class='ocrx_word' id='word_1_548' title='bbox 1274 2789 1350 2841; x_wconf 90' lang='lat' dir='ltr'>ticrun</span> <span class='ocrx_word' id='word_1_549' title='bbox 1373 2805 1472 2843; x_wconf 80' lang='lat' dir='ltr'>serarum</span> <span class='ocrx_word' id='word_1_550' title='bbox 1494 2791 1548 2844; x_wconf 83' lang='lat' dir='ltr'>brea</span> <span class='ocrx_word' id='word_1_551' title='bbox 1567 2792 1707 2860; x_wconf 86' lang='lat' dir='ltr'>apostolico</span> <span class='ocrx_word' id='word_1_552' title='bbox 1730 2795 1803 2848; x_wconf 84' lang='lat' dir='ltr'>eerlra</span> <span class='ocrx_word' id='word_1_553' title='bbox 1827 2805 1878 2848; x_wconf 90' lang='lat' dir='ltr'>tam</span> <span class='ocrx_word' id='word_1_554' title='bbox 1902 2798 2016 2850; x_wconf 86' lang='lat' dir='ltr'>dilucida</span> <span class='ocrx_word' id='word_1_555' title='bbox 2040 2809 2064 2851; x_wconf 88' lang='lat' dir='ltr'>ct</span> 
     </span>
     <span class='ocr_line' id='line_1_79' title="bbox 1274 2879 2063 2948; baseline 0.014 -20"><span class='ocrx_word' id='word_1_556' title='bbox 1274 2886 1326 2929; x_wconf 92' lang='lat' dir='ltr'>tant</span> <span class='ocrx_word' id='word_1_557' title='bbox 1345 2879 1477 2948; x_wconf 70' lang='lat' dir='ltr'>armnifesto</span> <span class='ocrx_word' id='word_1_558' title='bbox 1491 2890 1642 2944; x_wconf 88' lang='lat' dir='ltr'>conuertere,</span> <span class='ocrx_word' id='word_1_559' title='bbox 1660 2892 1796 2937; x_wconf 73' lang='lat' dir='ltr'>asserentes</span> <span class='ocrx_word' id='word_1_560' title='bbox 1820 2887 1866 2938; x_wconf 89' lang='lat' dir='ltr'>lroc</span> <span class='ocrx_word' id='word_1_561' title='bbox 1891 2886 1947 2939; x_wconf 88' lang='lat' dir='ltr'>idco</span> <span class='ocrx_word' id='word_1_562' title='bbox 1968 2887 2063 2940; x_wconf 84' lang='lat' dir='ltr'>dictam</span> 
     </span>
     <span class='ocr_line' id='line_1_80' title="bbox 1272 2966 2064 3044; baseline 0.014 -24"><span class='ocrx_word' id='word_1_563' title='bbox 1272 2982 1337 3034; x_wconf 73' lang='lat' dir='ltr'>aare,</span> <span class='ocrx_word' id='word_1_564' title='bbox 1350 2967 1418 3036; x_wconf 81' lang='lat' dir='ltr'>qnod</span> <span class='ocrx_word' id='word_1_565' title='bbox 1431 2966 1513 3021; x_wconf 82' lang='lat' dir='ltr'>Adam</span> <span class='ocrx_word' id='word_1_566' title='bbox 1526 2973 1664 3039; x_wconf 85' lang='lat' dir='ltr'>peccauerit</span> <span class='ocrx_word' id='word_1_567' title='bbox 1684 2974 1804 3042; x_wconf 87' lang='lat' dir='ltr'>primunr,</span> <span class='ocrx_word' id='word_1_568' title='bbox 1817 2975 1843 3028; x_wconf 90' lang='lat' dir='ltr'>in</span> <span class='ocrx_word' id='word_1_569' title='bbox 1855 2991 1905 3044; x_wconf 86' lang='lat' dir='ltr'>qao</span> <span class='ocrx_word' id='word_1_570' title='bbox 1920 2977 2064 3042; x_wconf 74' lang='lat' dir='ltr'>decaetero,</span> 
     </span>
     <span class='ocr_line' id='line_1_81' title="bbox 1271 3057 2065 3135; baseline 0.016 -28"><span class='ocrx_word' id='word_1_571' title='bbox 1271 3057 1383 3126; x_wconf 82' lang='lat' dir='ltr'>quisquis</span> <span class='ocrx_word' id='word_1_572' title='bbox 1395 3073 1499 3128; x_wconf 82' lang='lat' dir='ltr'>peccare</span> <span class='ocrx_word' id='word_1_573' title='bbox 1511 3059 1598 3125; x_wconf 83' lang='lat' dir='ltr'>coluit,</span> <span class='ocrx_word' id='word_1_574' title='bbox 1613 3063 1734 3131; x_wconf 86' lang='lat' dir='ltr'>peccandi</span> <span class='ocrx_word' id='word_1_575' title='bbox 1748 3064 1840 3117; x_wconf 87' lang='lat' dir='ltr'>inuenit</span> <span class='ocrx_word' id='word_1_576' title='bbox 1853 3067 1995 3135; x_wconf 83' lang='lat' dir='ltr'>eaentplum</span> <span class='ocrx_word' id='word_1_577' title='bbox 2007 3082 2017 3130; x_wconf 91' lang='lat'>,·</span> <span class='ocrx_word' id='word_1_578' title='bbox 2037 3077 2065 3120; x_wconf 88' lang='lat' dir='ltr'>ut</span> 
     </span>
     <span class='ocr_line' id='line_1_82' title="bbox 1272 3151 2062 3224; baseline 0.014 -20"><span class='ocrx_word' id='word_1_579' title='bbox 1272 3160 1400 3217; x_wconf 80' lang='lat' dir='ltr'>peccatum</span> <span class='ocrx_word' id='word_1_580' title='bbox 1414 3151 1509 3205; x_wconf 82' lang='lat' dir='ltr'>scilicet</span> <span class='ocrx_word' id='word_1_581' title='bbox 1522 3169 1572 3206; x_wconf 92' lang='lat' dir='ltr'>uon</span> <span class='ocrx_word' id='word_1_582' title='bbox 1586 3159 1747 3224; x_wconf 73' lang='lat' dir='ltr'>praecentione</span> <span class='ocrx_word' id='word_1_583' title='bbox 1761 3156 1849 3210; x_wconf 82' lang='lat' dir='ltr'>abillo</span> <span class='ocrx_word' id='word_1_584' title='bbox 1865 3175 1914 3212; x_wconf 88' lang='lat' dir='ltr'>ttno</span> <span class='ocrx_word' id='word_1_585' title='bbox 1929 3160 1954 3212; x_wconf 92' lang='lat' dir='ltr'>in</span> <span class='ocrx_word' id='word_1_586' title='bbox 1966 3175 2062 3222; x_wconf 79' lang='lat' dir='ltr'>ortanus,</span> 
     </span>
     <span class='ocr_line' id='line_1_83' title="bbox 1270 3242 2064 3323; baseline 0.014 -28"><span class='ocrx_word' id='word_1_587' title='bbox 1270 3242 1314 3296; x_wconf 83' lang='lat' dir='ltr'>scd</span> <span class='ocrx_word' id='word_1_588' title='bbox 1333 3242 1401 3296; x_wconf 88' lang='lat' dir='ltr'>illius</span> <span class='ocrx_word' id='word_1_589' title='bbox 1418 3245 1494 3299; x_wconf 80' lang='lat' dir='ltr'>unitas</span> <span class='ocrx_word' id='word_1_590' title='bbox 1512 3246 1652 3302; x_wconf 86' lang='lat' dir='ltr'>imitatione</span> <span class='ocrx_word' id='word_1_591' title='bbox 1673 3251 1801 3303; x_wconf 75' lang='lat' dir='ltr'>transiret.</span> <span class='ocrx_word' id='word_1_592' title='bbox 1817 3250 1880 3305; x_wconf 82' lang='lat' dir='ltr'>Cain</span> <span class='ocrx_word' id='word_1_593' title='bbox 1901 3255 2022 3323; x_wconf 74' lang='lat' dir='ltr'>prolecta,</span> <span class='ocrx_word' id='word_1_594' title='bbox 2042 3255 2064 3306; x_wconf 81' lang='lat' dir='ltr'>si</span> 
     </span>
     <span class='ocr_line' id='line_1_84' title="bbox 1271 3332 2064 3415; baseline 0.018 -30"><span class='ocrx_word' id='word_1_595' title='bbox 1271 3332 1408 3403; x_wconf 74' lang='lat' dir='ltr'>Apostolus</span> <span class='ocrx_word' id='word_1_596' title='bbox 1428 3336 1468 3389; x_wconf 85' lang='lat' dir='ltr'>ltic</span> <span class='ocrx_word' id='word_1_597' title='bbox 1489 3337 1651 3393; x_wconf 89' lang='lat' dir='ltr'>imitationem</span> <span class='ocrx_word' id='word_1_598' title='bbox 1672 3341 1778 3414; x_wconf 80' lang='lat' dir='ltr'>intelligi</span> <span class='ocrx_word' id='word_1_599' title='bbox 1798 3343 1923 3411; x_wconf 85' lang='lat' dir='ltr'>ualrrisset,</span> <span class='ocrx_word' id='word_1_600' title='bbox 1947 3363 1996 3398; x_wconf 89' lang='lat' dir='ltr'>uon</span> <span class='ocrx_word' id='word_1_601' title='bbox 2020 3364 2064 3415; x_wconf 87' lang='lat' dir='ltr'>per</span> 
     </span>
     <span class='ocr_line' id='line_1_85' title="bbox 1270 3424 2063 3502; baseline 0.018 -25"><span class='ocrx_word' id='word_1_602' title='bbox 1270 3439 1349 3477; x_wconf 80' lang='lat' dir='ltr'>tanum</span> <span class='ocrx_word' id='word_1_603' title='bbox 1364 3424 1502 3492; x_wconf 87' lang='lat' dir='ltr'>ltoutiueut,</span> <span class='ocrx_word' id='word_1_604' title='bbox 1514 3428 1558 3482; x_wconf 87' lang='lat' dir='ltr'>sed</span> <span class='ocrx_word' id='word_1_605' title='bbox 1572 3446 1618 3498; x_wconf 87' lang='lat' dir='ltr'>per</span> <span class='ocrx_word' id='word_1_606' title='bbox 1630 3431 1758 3484; x_wconf 86' lang='lat' dir='ltr'>diabolum</span> <span class='ocrx_word' id='word_1_607' title='bbox 1771 3432 1865 3502; x_wconf 87' lang='lat' dir='ltr'>potius,</span> <span class='ocrx_word' id='word_1_608' title='bbox 1877 3435 1902 3487; x_wconf 94' lang='lat' dir='ltr'>iu</span> <span class='ocrx_word' id='word_1_609' title='bbox 1915 3435 1981 3488; x_wconf 85' lang='lat' dir='ltr'>bunc</span> <span class='ocrx_word' id='word_1_610' title='bbox 1991 3453 2063 3490; x_wconf 78' lang='lat' dir='ltr'>rituu-</span> 
     </span>
     <span class='ocr_line' id='line_1_86' title="bbox 1270 3514 2062 3598; baseline 0.018 -30"><span class='ocrx_word' id='word_1_611' title='bbox 1270 3514 1330 3568; x_wconf 84' lang='lat' dir='ltr'>tltmt</span> <span class='ocrx_word' id='word_1_612' title='bbox 1355 3526 1485 3586; x_wconf 84' lang='lat' dir='ltr'>peccatum</span> <span class='ocrx_word' id='word_1_613' title='bbox 1509 3519 1626 3585; x_wconf 85' lang='lat' dir='ltr'>intrasse,</span> <span class='ocrx_word' id='word_1_614' title='bbox 1652 3533 1674 3576; x_wconf 88' lang='lat' dir='ltr'>et</span> <span class='ocrx_word' id='word_1_615' title='bbox 1697 3541 1741 3593; x_wconf 83' lang='lat' dir='ltr'>per</span> <span class='ocrx_word' id='word_1_616' title='bbox 1761 3542 1847 3580; x_wconf 86' lang='lat' dir='ltr'>ontnes</span> <span class='ocrx_word' id='word_1_617' title='bbox 1870 3527 1981 3581; x_wconf 84' lang='lat' dir='ltr'>lromiues</span> <span class='ocrx_word' id='word_1_618' title='bbox 2004 3546 2062 3598; x_wconf 87' lang='lat' dir='ltr'>per·</span> 
     </span>
     <span class='ocr_line' id='line_1_87' title="bbox 1270 3607 2063 3687; baseline 0.018 -30"><span class='ocrx_word' id='word_1_619' title='bbox 1270 3607 1389 3660; x_wconf 78' lang='lat' dir='ltr'>transisse</span> <span class='ocrx_word' id='word_1_620' title='bbox 1399 3607 1511 3662; x_wconf 77' lang='lat' dir='ltr'>dixisset.</span> <span class='ocrx_word' id='word_1_621' title='bbox 1522 3609 1561 3663; x_wconf 86' lang='lat' dir='ltr'>De</span> <span class='ocrx_word' id='word_1_622' title='bbox 1571 3610 1672 3665; x_wconf 79' lang='lat' dir='ltr'>diabolo</span> <span class='ocrx_word' id='word_1_623' title='bbox 1682 3614 1773 3684; x_wconf 85' lang='lat' dir='ltr'>quippe</span> <span class='ocrx_word' id='word_1_624' title='bbox 1782 3616 1902 3687; x_wconf 82' lang='lat' dir='ltr'>scriptum</span> <span class='ocrx_word' id='word_1_625' title='bbox 1913 3627 1958 3679; x_wconf 78' lang='lat' dir='ltr'>est,</span> <span class='ocrx_word' id='word_1_626' title='bbox 1971 3636 1980 3668; x_wconf 88' lang='grc' dir='ltr'>ι</span> <span class='ocrx_word' id='word_1_627' title='bbox 2000 3616 2063 3670; x_wconf 80' lang='lat' dir='ltr'>luni-</span> 
     </span>
     <span class='ocr_line' id='line_1_88' title="bbox 1272 3702 2060 3780; baseline 0.02 -32"><span class='ocrx_word' id='word_1_628' title='bbox 1272 3715 1282 3748; x_wconf 83' lang='grc' dir='ltr'>ι</span> <span class='ocrx_word' id='word_1_629' title='bbox 1305 3707 1390 3752; x_wconf 82' lang='lat' dir='ltr'>larttur</span> <span class='ocrx_word' id='word_1_630' title='bbox 1413 3716 1486 3766; x_wconf 84' lang='lat' dir='ltr'>eunt,</span> <span class='ocrx_word' id='word_1_631' title='bbox 1509 3702 1553 3773; x_wconf 89' lang='lat' dir='ltr'>qai</span> <span class='ocrx_word' id='word_1_632' title='bbox 1577 3713 1635 3755; x_wconf 84' lang='lat' dir='ltr'>saut</span> <span class='ocrx_word' id='word_1_633' title='bbox 1660 3719 1692 3758; x_wconf 80' lang='lat' dir='ltr'>aa</span> <span class='ocrx_word' id='word_1_634' title='bbox 1711 3716 1782 3775; x_wconf 84' lang='lat' dir='ltr'>purte</span> <span class='ocrx_word' id='word_1_635' title='bbox 1806 3710 1886 3778; x_wconf 84' lang='lat' dir='ltr'>ipsius</span> <span class='ocrx_word' id='word_1_636' title='bbox 1910 3709 2013 3780; x_wconf 79' lang='lat' dir='ltr'>rlSnp.</span> <span class='ocrx_word' id='word_1_637' title='bbox 2031 3728 2060 3774; x_wconf 89' lang='lat' dir='ltr'>tt,</span> 
     </span>
     <span class='ocr_line' id='line_1_89' title="bbox 1268 3786 2062 3871; baseline 0.013 -28"><span class='ocrx_word' id='word_1_638' title='bbox 1268 3786 1325 3858; x_wconf 70' lang='lat'><strong>25).</strong></span> <span class='ocrx_word' id='word_1_639' title='bbox 1342 3786 1395 3842; x_wconf 82' lang='lat' dir='ltr'>sat</span> <span class='ocrx_word' id='word_1_640' title='bbox 1419 3789 1486 3856; x_wconf 85' lang='lat' dir='ltr'>idco,</span> <span class='ocrx_word' id='word_1_641' title='bbox 1511 3810 1520 3843; x_wconf 89' lang='lat' dir='ltr'>r</span> <span class='ocrx_word' id='word_1_642' title='bbox 1548 3809 1592 3864; x_wconf 84' lang='lat' dir='ltr'>per</span> <span class='ocrx_word' id='word_1_643' title='bbox 1616 3811 1694 3848; x_wconf 86' lang='lat' dir='ltr'>attunt</span> <span class='ocrx_word' id='word_1_644' title='bbox 1712 3796 1836 3851; x_wconf 85' lang='lat' dir='ltr'>ltootiuenr</span> <span class='ocrx_word' id='word_1_645' title='bbox 1855 3819 1864 3849; x_wconf 86' lang='grc' dir='ltr'>ι</span> <span class='ocrx_word' id='word_1_646' title='bbox 1884 3800 1947 3853; x_wconf 84' lang='lat' dir='ltr'>diait</span> <span class='ocrx_word' id='word_1_647' title='bbox 1961 3843 1967 3862; x_wconf 87' lang='lat'>,</span> <span class='ocrx_word' id='word_1_648' title='bbox 1982 3820 1997 3853; x_wconf 93' lang='lat' dir='ltr'>a</span> <span class='ocrx_word' id='word_1_649' title='bbox 2013 3820 2062 3871; x_wconf 88' lang='lat' dir='ltr'>qno</span> 
     </span>
     <span class='ocr_line' id='line_1_90' title="bbox 1268 3879 2059 3962; baseline 0.021 -33"><span class='ocrx_word' id='word_1_650' title='bbox 1268 3879 1395 3949; x_wconf 79' lang='lat' dir='ltr'>getterutio</span> <span class='ocrx_word' id='word_1_651' title='bbox 1414 3881 1499 3951; x_wconf 86' lang='lat' dir='ltr'>utique</span> <span class='ocrx_word' id='word_1_652' title='bbox 1513 3883 1642 3938; x_wconf 85' lang='lat' dir='ltr'>ltatninttnr</span> <span class='ocrx_word' id='word_1_653' title='bbox 1665 3889 1749 3958; x_wconf 75' lang='grc' dir='ltr'>ιαρίι,</span> <span class='ocrx_word' id='word_1_654' title='bbox 1765 3899 1791 3942; x_wconf 89' lang='lat' dir='ltr'>ut</span> <span class='ocrx_word' id='word_1_655' title='bbox 1805 3907 1849 3960; x_wconf 88' lang='lat' dir='ltr'>per</span> <span class='ocrx_word' id='word_1_656' title='bbox 1874 3902 2059 3962; x_wconf 76' lang='lat' dir='ltr'>generationem</span> 
     </span>
     <span class='ocr_line' id='line_1_91' title="bbox 1268 3970 2063 4053; baseline 0.02 -32"><span class='ocrx_word' id='word_1_657' title='bbox 1268 3970 1367 4023; x_wconf 81' lang='lat' dir='ltr'>doceret</span> <span class='ocrx_word' id='word_1_658' title='bbox 1380 3971 1439 4024; x_wconf 86' lang='lat' dir='ltr'>iisse</span> <span class='ocrx_word' id='word_1_659' title='bbox 1453 3989 1497 4039; x_wconf 84' lang='lat' dir='ltr'>per</span> <span class='ocrx_word' id='word_1_660' title='bbox 1510 3991 1596 4029; x_wconf 87' lang='lat' dir='ltr'>omncs</span> <span class='ocrx_word' id='word_1_661' title='bbox 1609 3976 1732 4048; x_wconf 78' lang='lat' dir='ltr'>originale</span> <span class='ocrx_word' id='word_1_662' title='bbox 1743 3990 1873 4049; x_wconf 84' lang='lat' dir='ltr'>peccatum</span> <span class='ocrx_word' id='word_1_663' title='bbox 1890 3981 1946 4053; x_wconf 84' lang='lat' dir='ltr'>(De</span> <span class='ocrx_word' id='word_1_664' title='bbox 1956 3982 2063 4053; x_wconf 78' lang='lat' dir='ltr'>ll&#39;ttptiis</span> 
     </span>
     <span class='ocr_line' id='line_1_92' title="bbox 1268 4060 1727 4141; baseline 0.022 -26"><span class='ocrx_word' id='word_1_665' title='bbox 1268 4072 1292 4115; x_wconf 87' lang='lat' dir='ltr'>et</span> <span class='ocrx_word' id='word_1_666' title='bbox 1306 4060 1524 4135; x_wconf 81' lang='lat' dir='ltr'>Cottcupt&#39;scentiu,</span> <span class='ocrx_word' id='word_1_667' title='bbox 1537 4066 1580 4121; x_wconf 77' lang='lat' dir='ltr'>lib.</span> <span class='ocrx_word' id='word_1_668' title='bbox 1593 4067 1620 4131; x_wconf 60' lang='grc' dir='ltr'>ἓ,</span> <span class='ocrx_word' id='word_1_669' title='bbox 1632 4087 1659 4122; x_wconf 89' lang='lat' dir='ltr'>tt.</span> <span class='ocrx_word' id='word_1_670' title='bbox 1671 4069 1727 4141; x_wconf 69' lang='lat' dir='ltr'>la).</span> 
     </span>
    </p>

    <p class='ocr_par' dir='ltr' id='par_1_12' title="bbox 1267 4156 2095 4505">
     <span class='ocr_line' id='line_1_93' title="bbox 1305 4156 2095 4236; baseline 0.019 -27"><span class='ocrx_word' id='word_1_671' title='bbox 1305 4156 1372 4211; x_wconf 76' lang='lat' dir='ltr'>Aac.</span> <span class='ocrx_word' id='word_1_672' title='bbox 1395 4157 1488 4212; x_wconf 81' lang='lat' dir='ltr'>Dixisti</span> <span class='ocrx_word' id='word_1_673' title='bbox 1503 4160 1584 4214; x_wconf 81' lang='lat' dir='ltr'>rerba</span> <span class='ocrx_word' id='word_1_674' title='bbox 1606 4161 1666 4215; x_wconf 89' lang='lat' dir='ltr'>libri</span> <span class='ocrx_word' id='word_1_675' title='bbox 1687 4164 1749 4229; x_wconf 86' lang='lat' dir='ltr'>mci,</span> <span class='ocrx_word' id='word_1_676' title='bbox 1763 4164 1806 4219; x_wconf 91' lang='lat' dir='ltr'>dic</span> <span class='ocrx_word' id='word_1_677' title='bbox 1820 4164 1874 4234; x_wconf 84' lang='lat' dir='ltr'>jam</span> <span class='ocrx_word' id='word_1_678' title='bbox 1889 4167 2061 4236; x_wconf 89' lang='lat' dir='ltr'>quemadrno-</span> <span class='ocrx_word' id='word_1_679' title='bbox 2091 4226 2095 4232; x_wconf 81' lang='grc'><strong>,</strong></span> 
     </span>
     <span class='ocr_line' id='line_1_94' title="bbox 1268 4244 2059 4328; baseline 0.018 -28"><span class='ocrx_word' id='word_1_680' title='bbox 1268 4244 1330 4301; x_wconf 85' lang='lat' dir='ltr'>dum</span> <span class='ocrx_word' id='word_1_681' title='bbox 1346 4248 1500 4317; x_wconf 89' lang='lat' dir='ltr'>accipienda</span> <span class='ocrx_word' id='word_1_682' title='bbox 1525 4251 1578 4304; x_wconf 92' lang='lat' dir='ltr'>sint</span> <span class='ocrx_word' id='word_1_683' title='bbox 1592 4268 1652 4321; x_wconf 72' lang='lat' dir='ltr'>quac</span> <span class='ocrx_word' id='word_1_684' title='bbox 1672 4253 1707 4307; x_wconf 93' lang='lat' dir='ltr'>ibi</span> <span class='ocrx_word' id='word_1_685' title='bbox 1730 4257 1805 4323; x_wconf 93' lang='lat' dir='ltr'>posui</span> <span class='ocrx_word' id='word_1_686' title='bbox 1826 4257 1906 4312; x_wconf 86' lang='lat' dir='ltr'>rerba</span> <span class='ocrx_word' id='word_1_687' title='bbox 1920 4259 2059 4328; x_wconf 79' lang='lat' dir='ltr'>Apostoli:</span> 
     </span>
     <span class='ocr_line' id='line_1_95' title="bbox 1267 4338 2061 4416; baseline 0.02 -28"><span class='ocrx_word' id='word_1_688' title='bbox 1267 4345 1297 4389; x_wconf 91' lang='lat' dir='ltr'>ut</span> <span class='ocrx_word' id='word_1_689' title='bbox 1310 4338 1393 4407; x_wconf 86' lang='lat' dir='ltr'>magis</span> <span class='ocrx_word' id='word_1_690' title='bbox 1417 4339 1554 4409; x_wconf 83' lang='lat' dir='ltr'>magisque</span> <span class='ocrx_word' id='word_1_691' title='bbox 1567 4342 1750 4400; x_wconf 87' lang='lat' dir='ltr'>nranilcsteris</span> <span class='ocrx_word' id='word_1_692' title='bbox 1770 4347 1921 4416; x_wconf 83' lang='lat' dir='ltr'>burcticus,</span> <span class='ocrx_word' id='word_1_693' title='bbox 1937 4349 2061 4406; x_wconf 86' lang='lat' dir='ltr'>laudato-</span> 
     </span>
     <span class='ocr_line' id='line_1_96' title="bbox 1267 4430 2059 4505; baseline 0.021 -26"><span class='ocrx_word' id='word_1_694' title='bbox 1267 4442 1324 4481; x_wconf 86' lang='lat' dir='ltr'>rem</span> <span class='ocrx_word' id='word_1_695' title='bbox 1345 4438 1370 4480; x_wconf 95' lang='lat' dir='ltr'>tc</span> <span class='ocrx_word' id='word_1_696' title='bbox 1384 4430 1569 4498; x_wconf 87' lang='lat' dir='ltr'>supponendo,</span> <span class='ocrx_word' id='word_1_697' title='bbox 1586 4442 1614 4485; x_wconf 90' lang='lat' dir='ltr'>ut</span> <span class='ocrx_word' id='word_1_698' title='bbox 1627 4432 1734 4489; x_wconf 90' lang='lat' dir='ltr'>aulcrus</span> <span class='ocrx_word' id='word_1_699' title='bbox 1748 4439 1863 4505; x_wconf 81' lang='lat' dir='ltr'>parmulis</span> <span class='ocrx_word' id='word_1_700' title='bbox 1882 4440 2059 4497; x_wconf 86' lang='lat' dir='ltr'>Salraturcm.</span> 
     </span>
    </p>

    <p class='ocr_par' dir='ltr' id='par_1_13' title="bbox 1263 4516 2061 5514">
     <span class='ocr_line' id='line_1_97' title="bbox 1302 4516 2061 4596; baseline 0.024 -27"><span class='ocrx_word' id='word_1_701' title='bbox 1302 4516 1423 4571; x_wconf 84' lang='lat' dir='ltr'>XXXl&#39;l.</span> <span class='ocrx_word' id='word_1_702' title='bbox 1446 4518 1506 4574; x_wconf 82' lang='lat' dir='ltr'>lue.</span> <span class='ocrx_word' id='word_1_703' title='bbox 1528 4522 1606 4576; x_wconf 83' lang='lat' dir='ltr'>bbuti</span> <span class='ocrx_word' id='word_1_704' title='bbox 1619 4532 1644 4577; x_wconf 89' lang='lat' dir='ltr'>tc</span> <span class='ocrx_word' id='word_1_705' title='bbox 1661 4525 1791 4595; x_wconf 88' lang='lat' dir='ltr'>imperitia</span> <span class='ocrx_word' id='word_1_706' title='bbox 1805 4528 1948 4587; x_wconf 73' lang='lat' dir='ltr'>laurentium</span> <span class='ocrx_word' id='word_1_707' title='bbox 1965 4532 2022 4596; x_wconf 91' lang='lat' dir='ltr'>tibi,</span> <span class='ocrx_word' id='word_1_708' title='bbox 2034 4544 2061 4588; x_wconf 89' lang='lat' dir='ltr'>et</span> 
     </span>
     <span class='ocr_line' id='line_1_98' title="bbox 1265 4604 2059 4694; baseline 0.028 -36"><span class='ocrx_word' id='word_1_709' title='bbox 1265 4604 1422 4663; x_wconf 88' lang='lat' dir='ltr'>delitescere</span> <span class='ocrx_word' id='word_1_710' title='bbox 1433 4611 1482 4665; x_wconf 92' lang='lat' dir='ltr'>sub</span> <span class='ocrx_word' id='word_1_711' title='bbox 1492 4612 1663 4683; x_wconf 83' lang='lat' dir='ltr'>ambiguitate</span> <span class='ocrx_word' id='word_1_712' title='bbox 1676 4619 1828 4687; x_wconf 78' lang='lat' dir='ltr'>nerinorum,</span> <span class='ocrx_word' id='word_1_713' title='bbox 1839 4623 2001 4694; x_wconf 86' lang='lat' dir='ltr'>quicumque</span> <span class='ocrx_word' id='word_1_714' title='bbox 2014 4625 2059 4680; x_wconf 90' lang='lat' dir='ltr'>ille</span> 
     </span>
     <span class='ocr_line' id='line_1_99' title="bbox 1266 4695 2058 4787; baseline 0.028 -38"><span class='ocrx_word' id='word_1_715' title='bbox 1266 4695 1346 4753; x_wconf 78' lang='lat' dir='ltr'>latent</span> <span class='ocrx_word' id='word_1_716' title='bbox 1368 4715 1479 4770; x_wconf 90' lang='lat' dir='ltr'>opernm</span> <span class='ocrx_word' id='word_1_717' title='bbox 1503 4717 1654 4761; x_wconf 81' lang='lat' dir='ltr'>nostrorum</span> <span class='ocrx_word' id='word_1_718' title='bbox 1676 4711 1797 4765; x_wconf 90' lang='lat' dir='ltr'>cruditus</span> <span class='ocrx_word' id='word_1_719' title='bbox 1816 4713 1909 4780; x_wconf 88' lang='lat' dir='ltr'>lector,</span> <span class='ocrx_word' id='word_1_720' title='bbox 1925 4716 2058 4787; x_wconf 86' lang='lat' dir='ltr'>iutelligit.</span> 
     </span>
     <span class='ocr_line' id='line_1_100' title="bbox 1266 4789 2060 4876; baseline 0.023 -33"><span class='ocrx_word' id='word_1_721' title='bbox 1266 4789 1409 4860; x_wconf 84' lang='lat' dir='ltr'>Reliquum</span> <span class='ocrx_word' id='word_1_722' title='bbox 1432 4810 1495 4848; x_wconf 89' lang='lat' dir='ltr'>reto</span> <span class='ocrx_word' id='word_1_723' title='bbox 1523 4796 1632 4866; x_wconf 81' lang='lat' dir='ltr'>tulgus,</span> <span class='ocrx_word' id='word_1_724' title='bbox 1658 4799 1691 4855; x_wconf 90' lang='lat' dir='ltr'>de</span> <span class='ocrx_word' id='word_1_725' title='bbox 1716 4818 1769 4871; x_wconf 93' lang='lat' dir='ltr'>qtto</span> <span class='ocrx_word' id='word_1_726' title='bbox 1794 4803 1923 4873; x_wconf 82' lang='lat' dir='ltr'>propbeta</span> <span class='ocrx_word' id='word_1_727' title='bbox 1944 4806 2060 4876; x_wconf 89' lang='lat' dir='ltr'>loquitur</span> 
     </span>
     <span class='ocr_line' id='line_1_101' title="bbox 1265 4882 2059 4970; baseline 0.02 -36"><span class='ocrx_word' id='word_1_728' title='bbox 1265 4882 1297 4936; x_wconf 89' lang='lat' dir='ltr'>ad</span> <span class='ocrx_word' id='word_1_729' title='bbox 1317 4884 1410 4950; x_wconf 81' lang='lat' dir='ltr'>Dentur,</span> <span class='ocrx_word' id='word_1_730' title='bbox 1425 4885 1570 4941; x_wconf 86' lang='lat' dir='ltr'>AEstintarti</span> <span class='ocrx_word' id='word_1_731' title='bbox 1584 4889 1697 4944; x_wconf 85' lang='lat' dir='ltr'>ltotrtiues</span> <span class='ocrx_word' id='word_1_732' title='bbox 1711 4893 1774 4946; x_wconf 84' lang='lat' dir='ltr'>sicut</span> <span class='ocrx_word' id='word_1_733' title='bbox 1793 4894 1873 4963; x_wconf 84' lang='lat' dir='ltr'>pisces</span> <span class='ocrx_word' id='word_1_734' title='bbox 1885 4897 1963 4950; x_wconf 82' lang='lat' dir='ltr'>tataris</span> <span class='ocrx_word' id='word_1_735' title='bbox 1983 4895 2059 4970; x_wconf 85' lang='lat' dir='ltr'>(lla-</span> 
     </span>
     <span class='ocr_line' id='line_1_102' title="bbox 1264 4974 2059 5056; baseline 0.021 -29"><span class='ocrx_word' id='word_1_736' title='bbox 1264 4974 1341 5028; x_wconf 86' lang='lat' dir='ltr'>baenc</span> <span class='ocrx_word' id='word_1_737' title='bbox 1353 4992 1371 5040; x_wconf 80' lang='lat' dir='ltr'>t,</span> <span class='ocrx_word' id='word_1_738' title='bbox 1389 4978 1452 5045; x_wconf 86' lang='lat' dir='ltr'>ll);</span> <span class='ocrx_word' id='word_1_739' title='bbox 1468 4986 1557 5032; x_wconf 79' lang='lat' dir='ltr'>mutata</span> <span class='ocrx_word' id='word_1_740' title='bbox 1574 4984 1767 5051; x_wconf 70' lang='lat' dir='ltr'>progressione</span> <span class='ocrx_word' id='word_1_741' title='bbox 1779 4985 1920 5056; x_wconf 89' lang='lat' dir='ltr'>decipitur,</span> <span class='ocrx_word' id='word_1_742' title='bbox 1935 5003 1967 5043; x_wconf 89' lang='lat' dir='ltr'>ac</span> <span class='ocrx_word' id='word_1_743' title='bbox 1983 4990 2059 5044; x_wconf 88' lang='lat' dir='ltr'>salu·</span> 
     </span>
     <span class='ocr_line' id='line_1_103' title="bbox 1265 5065 2058 5151; baseline 0.021 -32"><span class='ocrx_word' id='word_1_744' title='bbox 1265 5065 1349 5120; x_wconf 88' lang='lat' dir='ltr'>tilcrne</span> <span class='ocrx_word' id='word_1_745' title='bbox 1366 5067 1535 5123; x_wconf 69' lang='lat' dir='ltr'>decretionis</span> <span class='ocrx_word' id='word_1_746' title='bbox 1559 5069 1707 5140; x_wconf 81' lang='lat' dir='ltr'>ignarum¹,&#39;</span> <span class='ocrx_word' id='word_1_747' title='bbox 1724 5083 1807 5129; x_wconf 89' lang='lat' dir='ltr'>tntmn</span> <span class='ocrx_word' id='word_1_748' title='bbox 1830 5086 1904 5146; x_wconf 89' lang='lat' dir='ltr'>putat</span> <span class='ocrx_word' id='word_1_749' title='bbox 1932 5079 2058 5151; x_wconf 83' lang='lat' dir='ltr'>conjungi</span> 
     </span>
     <span class='ocr_line' id='line_1_104' title="bbox 1264 5157 2058 5240; baseline 0.02 -29"><span class='ocrx_word' id='word_1_750' title='bbox 1264 5171 1343 5226; x_wconf 80' lang='lat' dir='ltr'>posse</span> <span class='ocrx_word' id='word_1_751' title='bbox 1354 5157 1442 5221; x_wconf 85' lang='lat' dir='ltr'>rebus,</span> <span class='ocrx_word' id='word_1_752' title='bbox 1455 5159 1526 5229; x_wconf 89' lang='lat' dir='ltr'>quod</span> <span class='ocrx_word' id='word_1_753' title='bbox 1537 5161 1633 5217; x_wconf 89' lang='lat' dir='ltr'>riderit</span> <span class='ocrx_word' id='word_1_754' title='bbox 1644 5165 1753 5219; x_wconf 89' lang='lat' dir='ltr'>rocibus</span> <span class='ocrx_word' id='word_1_755' title='bbox 1766 5170 2058 5240; x_wconf 68' lang='lat' dir='ltr'>cassabundum</span> 
     </span>
     <span class='ocr_line' id='line_1_105' title="bbox 1265 5249 2060 5333; baseline 0.026 -34"><span class='ocrx_word' id='word_1_756' title='bbox 1265 5263 1328 5303; x_wconf 89' lang='lat' dir='ltr'>rero</span> <span class='ocrx_word' id='word_1_757' title='bbox 1343 5249 1377 5302; x_wconf 89' lang='lat' dir='ltr'>sit</span> <span class='ocrx_word' id='word_1_758' title='bbox 1389 5264 1568 5320; x_wconf 87' lang='lat' dir='ltr'>cottseqncns,</span> <span class='ocrx_word' id='word_1_759' title='bbox 1581 5254 1643 5322; x_wconf 91' lang='lat' dir='ltr'>quid</span> <span class='ocrx_word' id='word_1_760' title='bbox 1660 5270 1820 5328; x_wconf 87' lang='lat' dir='ltr'>repugnans,</span> <span class='ocrx_word' id='word_1_761' title='bbox 1832 5261 1981 5333; x_wconf 89' lang='lat' dir='ltr'>quibusque</span> <span class='ocrx_word' id='word_1_762' title='bbox 1992 5279 2060 5319; x_wconf 91' lang='lat' dir='ltr'>con·</span> 
     </span>
     <span class='ocr_line' id='line_1_106' title="bbox 1264 5339 2054 5414; baseline 0.027 -22"><span class='ocrx_word' id='word_1_763' title='bbox 1264 5339 1348 5393; x_wconf 87' lang='lat' dir='ltr'>cessis</span> <span class='ocrx_word' id='word_1_764' title='bbox 1361 5339 1424 5409; x_wconf 86' lang='lat' dir='ltr'>qttid</span> <span class='ocrx_word' id='word_1_765' title='bbox 1439 5341 1480 5395; x_wconf 81' lang='lat' dir='ltr'>lex</span> <span class='ocrx_word' id='word_1_766' title='bbox 1496 5340 1706 5414; x_wconf 81' lang='lat' dir='ltr'>ittetpugnabilis</span> <span class='ocrx_word' id='word_1_767' title='bbox 1720 5359 1748 5403; x_wconf 92' lang='lat' dir='ltr'>ct</span> <span class='ocrx_word' id='word_1_768' title='bbox 1761 5352 1911 5407; x_wconf 83' lang='lat' dir='ltr'>reiteranda</span> <span class='ocrx_word' id='word_1_769' title='bbox 1928 5355 2054 5413; x_wconf 81' lang='lat' dir='ltr'>orationis</span> 
     </span>
     <span class='ocr_line' id='line_1_107' title="bbox 1263 5430 2056 5514; baseline 0.026 -32"><span class='ocrx_word' id='word_1_770' title='bbox 1263 5438 1339 5500; x_wconf 89' lang='lat' dir='ltr'>cogat</span> <span class='ocrx_word' id='word_1_771' title='bbox 1361 5430 1462 5494; x_wconf 88' lang='lat' dir='ltr'>iulerri,</span> <span class='ocrx_word' id='word_1_772' title='bbox 1479 5432 1529 5486; x_wconf 89' lang='lat' dir='ltr'>uisi</span> <span class='ocrx_word' id='word_1_773' title='bbox 1553 5434 1723 5492; x_wconf 85' lang='lat' dir='ltr'>doctissimus</span> <span class='ocrx_word' id='word_1_774' title='bbox 1737 5442 1981 5514; x_wconf 88' lang='lat' dir='ltr'>attentissimusque</span> <span class='ocrx_word' id='word_1_775' title='bbox 2003 5464 2056 5503; x_wconf 92' lang='lat' dir='ltr'>nou</span> 
     </span>
    </p>
   </div>
   <div class='ocr_carea' id='block_1_5' title="bbox 419 5517 1371 5596">
    <p class='ocr_par' dir='ltr' id='par_1_14' title="bbox 419 5517 1371 5596">
     <span class='ocr_line' id='line_1_108' title="bbox 419 5517 1371 5596; baseline 0.002 -16"><span class='ocrx_word' id='word_1_776' title='bbox 419 5526 482 5581; x_wconf 76' lang='lat' dir='ltr'>aller</span> <span class='ocrx_word' id='word_1_777' title='bbox 500 5525 662 5596; x_wconf 80' lang='lat' dir='ltr'>Cyprianus,</span> <span class='ocrx_word' id='word_1_778' title='bbox 681 5525 771 5580; x_wconf 86' lang='lat' dir='ltr'>Gallus</span> <span class='ocrx_word' id='word_1_779' title='bbox 793 5526 922 5593; x_wconf 89' lang='lat' dir='ltr'>llilurius,</span> <span class='ocrx_word' id='word_1_780' title='bbox 943 5526 1023 5582; x_wconf 92' lang='lat' dir='ltr'>ltalns</span> <span class='ocrx_word' id='word_1_781' title='bbox 1041 5529 1209 5596; x_wconf 82' lang='lat' dir='ltr'>Ambrosius,</span> <span class='ocrx_word' id='word_1_782' title='bbox 1260 5517 1371 5590; x_wconf 70' lang='lat' dir='ltr'>J&#39;lltllffll-</span> 
     </span>
    </p>
   </div>
   <div class='ocr_carea' id='block_1_6' title="bbox 414 5616 1210 5960">
    <p class='ocr_par' dir='ltr' id='par_1_15' title="bbox 414 5616 1210 5960">
     <span class='ocr_line' id='line_1_109' title="bbox 414 5616 1209 5690; baseline 0.006 -18"><span class='ocrx_word' id='word_1_783' title='bbox 414 5616 528 5672; x_wconf 62' lang='lat' dir='ltr'>Graecus</span> <span class='ocrx_word' id='word_1_784' title='bbox 548 5616 692 5685; x_wconf 81' lang='lat' dir='ltr'>Gregorius</span> <span class='ocrx_word' id='word_1_785' title='bbox 707 5631 743 5669; x_wconf 93' lang='lat' dir='ltr'>:a</span> <span class='ocrx_word' id='word_1_786' title='bbox 765 5618 862 5687; x_wconf 90' lang='lat' dir='ltr'>quibus</span> <span class='ocrx_word' id='word_1_787' title='bbox 882 5619 1071 5675; x_wconf 91' lang='lat' dir='ltr'>eruditissimis</span> <span class='ocrx_word' id='word_1_788' title='bbox 1093 5621 1209 5690; x_wconf 91' lang='lat' dir='ltr'>pruden-</span> 
     </span>
     <span class='ocr_line' id='line_1_110' title="bbox 421 5705 1209 5776; baseline 0.008 -17"><span class='ocrx_word' id='word_1_789' title='bbox 421 5707 583 5775; x_wconf 79' lang='lat' dir='ltr'>tissimisque</span> <span class='ocrx_word' id='word_1_790' title='bbox 600 5705 751 5776; x_wconf 82' lang='lat' dir='ltr'>judicibus,</span> <span class='ocrx_word' id='word_1_791' title='bbox 772 5707 865 5776; x_wconf 89' lang='lat' dir='ltr'>quales</span> <span class='ocrx_word' id='word_1_792' title='bbox 885 5716 911 5762; x_wconf 90' lang='lat' dir='ltr'>tc</span> <span class='ocrx_word' id='word_1_793' title='bbox 930 5724 983 5763; x_wconf 88' lang='lat' dir='ltr'>nott</span> <span class='ocrx_word' id='word_1_794' title='bbox 1003 5710 1123 5765; x_wconf 89' lang='lat' dir='ltr'>inrcttirc</span> <span class='ocrx_word' id='word_1_795' title='bbox 1142 5727 1209 5765; x_wconf 90' lang='lat' dir='ltr'>rana</span> 
     </span>
     <span class='ocr_line' id='line_1_111' title="bbox 417 5798 1210 5870; baseline 0.009 -21"><span class='ocrx_word' id='word_1_796' title='bbox 417 5798 626 5867; x_wconf 77' lang='lat' dir='ltr'>praesumptione</span> <span class='ocrx_word' id='word_1_797' title='bbox 645 5800 829 5868; x_wconf 88' lang='lat' dir='ltr'>conquereris,</span> <span class='ocrx_word' id='word_1_798' title='bbox 846 5798 957 5854; x_wconf 74' lang='lat' dir='ltr'>haeresis</span> <span class='ocrx_word' id='word_1_799' title='bbox 977 5809 1063 5856; x_wconf 85' lang='lat' dir='ltr'>restra</span> <span class='ocrx_word' id='word_1_800' title='bbox 1084 5804 1156 5870; x_wconf 88' lang='lat' dir='ltr'>prins</span> <span class='ocrx_word' id='word_1_801' title='bbox 1169 5812 1210 5856; x_wconf 86' lang='lat' dir='ltr'>cst</span> 
     </span>
     <span class='ocr_line' id='line_1_112' title="bbox 414 5890 720 5960; baseline -0.003 -17"><span class='ocrx_word' id='word_1_802' title='bbox 414 5890 540 5943; x_wconf 90' lang='lat' dir='ltr'>danntata</span> <span class='ocrx_word' id='word_1_803' title='bbox 556 5905 635 5960; x_wconf 86' lang='lat' dir='ltr'>quam</span> <span class='ocrx_word' id='word_1_804' title='bbox 649 5900 720 5944; x_wconf 88' lang='lat' dir='ltr'>natu.</span> 
     </span>
    </p>
   </div>
   <div class='ocr_carea' id='block_1_7' title="bbox 411 6041 1208 6152">
    <p class='ocr_par' dir='ltr' id='par_1_16' title="bbox 411 6041 1208 6152">
     <span class='ocr_line' id='line_1_113' title="bbox 448 6041 1208 6106; baseline 0.014 -17"><span class='ocrx_word' id='word_1_805' title='bbox 448 6045 454 6072; x_wconf 87' lang='lat'><strong>¹</strong></span> <span class='ocrx_word' id='word_1_806' title='bbox 475 6049 499 6090; x_wconf 75' lang='lat' dir='ltr'>tt</span> <span class='ocrx_word' id='word_1_807' title='bbox 518 6056 552 6097; x_wconf 76' lang='lat' dir='ltr'>u..</span> <span class='ocrx_word' id='word_1_808' title='bbox 573 6044 615 6092; x_wconf 82' lang='lat' dir='ltr'>sert</span> <span class='ocrx_word' id='word_1_809' title='bbox 638 6057 703 6106; x_wconf 83' lang='lat' dir='ltr'>nou,</span> <span class='ocrx_word' id='word_1_810' title='bbox 724 6041 817 6094; x_wconf 79' lang='lat' dir='ltr'>reluta</span> <span class='ocrx_word' id='word_1_811' title='bbox 839 6050 871 6103; x_wconf 86' lang='lat' dir='ltr'>te,</span> <span class='ocrx_word' id='word_1_812' title='bbox 893 6046 961 6106; x_wconf 78' lang='lat' dir='ltr'>qrtnsr&#39;</span> <span class='ocrx_word' id='word_1_813' title='bbox 984 6060 1044 6098; x_wconf 87' lang='lat' dir='ltr'>sorta</span> <span class='ocrx_word' id='word_1_814' title='bbox 1071 6048 1208 6101; x_wconf 69' lang='lat' dir='ltr'>mandabo:</span> 
     </span>
     <span class='ocr_line' id='line_1_114' title="bbox 411 6113 579 6152; baseline 0.036 -6"><span class='ocrx_word' id='word_1_815' title='bbox 411 6113 495 6151; x_wconf 78' lang='lat' dir='ltr'>statutas</span> <span class='ocrx_word' id='word_1_816' title='bbox 556 6118 579 6152; x_wconf 84' lang='lat' dir='ltr'>c.</span> 
     </span>
    </p>
   </div>
   <div class='ocr_carea' id='block_1_8' title="bbox 1263 5612 2122 5886">
    <p class='ocr_par' dir='ltr' id='par_1_17' title="bbox 1263 5612 2122 5886">
     <span class='ocr_line' id='line_1_115' title="bbox 1300 5612 2054 5695; baseline 0.028 -30"><span class='ocrx_word' id='word_1_817' title='bbox 1300 5613 1366 5667; x_wconf 75' lang='lat' dir='ltr'>Aac.</span> <span class='ocrx_word' id='word_1_818' title='bbox 1386 5612 1481 5668; x_wconf 76' lang='lat' dir='ltr'>Adime</span> <span class='ocrx_word' id='word_1_819' title='bbox 1504 5615 1601 5671; x_wconf 90' lang='lat' dir='ltr'>circuis</span> <span class='ocrx_word' id='word_1_820' title='bbox 1620 5619 1764 5686; x_wconf 81' lang='lat' dir='ltr'>qumreudo</span> <span class='ocrx_word' id='word_1_821' title='bbox 1787 5623 1951 5695; x_wconf 82' lang='lat' dir='ltr'>dialecticos,</span> <span class='ocrx_word' id='word_1_822' title='bbox 1964 5638 1990 5685; x_wconf 85' lang='lat' dir='ltr'>el</span> <span class='ocrx_word' id='word_1_823' title='bbox 2015 5633 2054 5686; x_wconf 92' lang='lat' dir='ltr'>ri·</span> 
     </span>
     <span class='ocr_line' id='line_1_116' title="bbox 1264 5702 2059 5789; baseline 0.029 -34"><span class='ocrx_word' id='word_1_824' title='bbox 1264 5702 1344 5756; x_wconf 88' lang='lat' dir='ltr'>tando</span> <span class='ocrx_word' id='word_1_825' title='bbox 1365 5706 1560 5763; x_wconf 74' lang='lat' dir='ltr'>ecclesiasticis</span> <span class='ocrx_word' id='word_1_826' title='bbox 1578 5709 1693 5778; x_wconf 81' lang='lat' dir='ltr'>judicos.</span> <span class='ocrx_word' id='word_1_827' title='bbox 1711 5713 1755 5768; x_wconf 77' lang='lat' dir='ltr'>llic</span> <span class='ocrx_word' id='word_1_828' title='bbox 1767 5714 1821 5783; x_wconf 83' lang='lat' dir='ltr'>jam</span> <span class='ocrx_word' id='word_1_829' title='bbox 1836 5722 1971 5789; x_wconf 88' lang='lat' dir='ltr'>quomodo</span> <span class='ocrx_word' id='word_1_830' title='bbox 1984 5726 2059 5780; x_wconf 89' lang='lat' dir='ltr'>acci-</span> 
     </span>
     <span class='ocr_line' id='line_1_117' title="bbox 1263 5793 2122 5886; baseline 0.029 -40"><span class='ocrx_word' id='word_1_831' title='bbox 1263 5793 1387 5863; x_wconf 84' lang='lat' dir='ltr'>picttdum</span> <span class='ocrx_word' id='word_1_832' title='bbox 1402 5797 1445 5861; x_wconf 90' lang='lat' dir='ltr'>sit,</span> <span class='ocrx_word' id='word_1_833' title='bbox 1460 5797 1512 5851; x_wconf 86' lang='lat' dir='ltr'>Pcr</span> <span class='ocrx_word' id='word_1_834' title='bbox 1524 5816 1602 5853; x_wconf 79' lang='lat' dir='ltr'>attritu</span> <span class='ocrx_word' id='word_1_835' title='bbox 1620 5804 1745 5858; x_wconf 82' lang='lat' dir='ltr'>ltoutiueut</span> <span class='ocrx_word' id='word_1_836' title='bbox 1767 5821 1894 5878; x_wconf 77' lang='lat' dir='ltr'>peremunt</span> <span class='ocrx_word' id='word_1_837' title='bbox 1914 5814 2015 5870; x_wconf 78' lang='lat' dir='ltr'>intrauit</span> <span class='ocrx_word' id='word_1_838' title='bbox 2030 5819 2058 5869; x_wconf 87' lang='lat' dir='ltr'>iu</span> <span class='ocrx_word' id='word_1_839' title='bbox 2119 5880 2122 5886; x_wconf 21' lang='grc' dir='ltr'>ι</span> 
     </span>
    </p>
   </div>
   <div class='ocr_carea' id='block_1_9' title="bbox 1263 5933 2058 6049">
    <p class='ocr_par' dir='ltr' id='par_1_18' title="bbox 1263 5933 2058 6049">
     <span class='ocr_line' id='line_1_118' title="bbox 1295 5933 2058 6006; baseline 0.037 -27"><span class='ocrx_word' id='word_1_840' title='bbox 1295 5933 1302 5963; x_wconf 89' lang='lat'><strong>¹</strong></span> <span class='ocrx_word' id='word_1_841' title='bbox 1321 5934 1357 5982; x_wconf 80' lang='lat' dir='ltr'>sic</span> <span class='ocrx_word' id='word_1_842' title='bbox 1368 5939 1420 5982; x_wconf 75' lang='lat' dir='ltr'>tiss.</span> <span class='ocrx_word' id='word_1_843' title='bbox 1443 5934 1503 5984; x_wconf 80' lang='lat' dir='ltr'>clar.</span> <span class='ocrx_word' id='word_1_844' title='bbox 1521 5945 1574 5987; x_wconf 80' lang='lat' dir='ltr'>star.</span> <span class='ocrx_word' id='word_1_845' title='bbox 1597 5946 1659 5990; x_wconf 79' lang='lat' dir='ltr'>tort.</span> <span class='ocrx_word' id='word_1_846' title='bbox 1688 5948 1713 5992; x_wconf 82' lang='lat' dir='ltr'>nt</span> <span class='ocrx_word' id='word_1_847' title='bbox 1734 5945 1833 6003; x_wconf 72' lang='lat' dir='ltr'>editio</span> <span class='ocrx_word' id='word_1_848' title='bbox 1855 5947 1954 6001; x_wconf 85' lang='lat' dir='ltr'>libidine</span> <span class='ocrx_word' id='word_1_849' title='bbox 1970 5961 2058 6006; x_wconf 78' lang='lat' dir='ltr'>intarta</span> 
     </span>
     <span class='ocr_line' id='line_1_119' title="bbox 1263 5996 1456 6049; baseline 0.01 -9"><span class='ocrx_word' id='word_1_850' title='bbox 1263 5999 1320 6049; x_wconf 81' lang='lat' dir='ltr'>tua,</span> <span class='ocrx_word' id='word_1_851' title='bbox 1331 5996 1456 6044; x_wconf 88' lang='lat' dir='ltr'>mendose.</span> 
     </span>
    </p>
   </div>
   <div class='ocr_carea' id='block_1_10' title="bbox 1264 6055 2058 6178">
    <p class='ocr_par' dir='ltr' id='par_1_19' title="bbox 1264 6055 2058 6178">
     <span class='ocr_line' id='line_1_120' title="bbox 1280 6055 2058 6132; baseline 0.035 -33"><span class='ocrx_word' id='word_1_852' title='bbox 1280 6055 1382 6120; x_wconf 43' lang='lat' dir='ltr'>diditi,</span> <span class='ocrx_word' id='word_1_853' title='bbox 1398 6058 1560 6117; x_wconf 70' lang='lat' dir='ltr'>praegressione</span> <span class='ocrx_word' id='word_1_854' title='bbox 1577 6061 1704 6123; x_wconf 75' lang='lat' dir='ltr'>deripitur,</span> <span class='ocrx_word' id='word_1_855' title='bbox 1724 6081 1752 6117; x_wconf 83' lang='lat' dir='ltr'>uc</span> <span class='ocrx_word' id='word_1_856' title='bbox 1772 6069 1895 6132; x_wconf 72' lang='lat' dir='ltr'>arcltstilrrn</span> <span class='ocrx_word' id='word_1_857' title='bbox 1914 6071 2058 6124; x_wconf 70' lang='lat' dir='ltr'>sanctiate</span> 
     </span>
     <span class='ocr_line' id='line_1_121' title="bbox 1264 6120 1667 6178; baseline 0.025 -16"><span class='ocrx_word' id='word_1_858' title='bbox 1264 6124 1388 6178; x_wconf 77' lang='lat' dir='ltr'>stgrtatmu.</span> <span class='ocrx_word' id='word_1_859' title='bbox 1402 6120 1560 6171; x_wconf 73' lang='lat' dir='ltr'>l&#39;aaacuduutttr</span> <span class='ocrx_word' id='word_1_860' title='bbox 1573 6137 1603 6172; x_wconf 81' lang='lat' dir='ltr'>cx</span> <span class='ocrx_word' id='word_1_861' title='bbox 1615 6132 1667 6174; x_wconf 77' lang='lat' dir='ltr'>tiss.</span> 
     </span>
    </p>
   </div>
   <div class='ocr_carea' id='block_1_11' title="bbox 0 0 2454 6891">
    <p class='ocr_par' dir='ltr' id='par_1_20' title="bbox 0 0 2454 6891">
     <span class='ocr_line' id='line_1_122' title="bbox 0 0 2454 6891; baseline 0 0"><span class='ocrx_word' id='word_1_862' title='bbox 0 0 2454 6891; x_wconf 95' lang='lat' dir='ltr'> </span> 
     </span>
    </p>
   </div>
  </div>
 </body>
</html>
