4900 6892
414 660 479 716 ttot

411 781 458 823 sus
473 767 545 832 inde,
560 765 621 838 quia
636 776 663 823 et
671 766 705 820 de
718 766 858 821 concubitu
872 764 1021 820 adulterino
1041 772 1128 833 potest
1145 761 1204 815 talis

413 861 530 915 existere
543 858 660 921 fructus,
681 858 713 914 ad
728 868 849 912 naturam
867 857 965 927 lepisti.
989 852 1043 910 Nee
1058 855 1140 908 latere
1155 867 1204 906 nos

414 951 541 1022 lugientis
561 951 689 1005 transitus
703 950 788 1020 putuit
803 969 809 1003 a
826 950 852 1003 in
867 949 954 1003 verbis
968 947 1040 1002 euim
1054 946 1122 1012 tuis,
1145 958 1206 1014 qun

414 1059 486 1098 nune
500 1042 735 1110 commemorabo,
757 1042 823 1097 satis
835 1040 973 1096 evidenter
985 1037 1115 1109 apparuit.
1140 1035 1207 1090 listi

414 1134 487 1189 ettim
502 1133 613 1203 loquens
631 1133 664 1186 atl
685 1148 727 1187 rue
747 1133 832 1202 ipsum
850 1172 855 1185 .
873 1151 883 1184 ι
900 1129 985 1186 Simili
1003 1129 1126 1184 acumine
1144 1126 1209 1180 illud

413 1238 524 1294 qaoque
544 1222 703 1278 labefactare
722 1223 846 1287 conaris,
871 1222 941 1292 quod
964 1220 1034 1286 dixi,
1056 1218 1209 1275 testimonio

414 1314 580 1383 evangelieo,
589 1329 622 1367 et
634 1312 763 1368 lruetibus
772 1314 827 1367 auis
837 1312 932 1366 debere
941 1312 1062 1365 arborem
1070 1308 1208 1378 cognosci;

415 1414 445 1458 ut
455 1403 643 1467 ostenderem,
662 1422 671 1454 ι
699 1403 802 1473 inquis,
821 1421 831 1454 ι
847 1401 918 1472 quod
933 1402 1033 1456 clarum
1047 1410 1105 1465 est,
1120 1398 1211 1453 doceri

416 1494 487 1550 hona
502 1510 555 1549 non
574 1508 651 1564 posse
664 1494 803 1564 conjugia;
823 1493 878 1547 irno
899 1493 982 1562 ipsam
997 1502 1136 1554 staturam,
1152 1503 1212 1559 quse

416 1586 603 1656 conjugiorum
628 1585 783 1654 operatione
806 1585 963 1653 suppletur,
988 1598 1038 1637 nee
1064 1581 1110 1636 liei
1133 1593 1212 1650 posse

418 1677 496 1747 operi
518 1676 666 1744 uindicari,
688 1678 710 1730 si
728 1675 762 1732 de
780 1691 812 1730 ea
825 1674 978 1730 diceremur
997 1673 1108 1727 erimina
1125 1671 1212 1740 pullu·

417 1769 485 1823 lare.
503 1785 513 1820 ι
539 1767 586 1822 llis
601 1770 653 1823 tuis
674 1767 751 1823 dictis
764 1767 889 1836 aperuisti
910 1766 977 1835 lupae
990 1775 1041 1819 tnae
1062 1763 1210 1828 transitum,

418 1859 563 1913 nominatis
572 1858 701 1929 conjugiis
714 1857 835 1912 addendo
848 1867 875 1912 et
894 1855 1021 1919 dicendo,
1038 1874 1046 1905 ι
1063 1854 1115 1908 imo
1130 1855 1213 1922 ipsam

420 1960 563 2019 naturam,
586 1967 645 2022 quar
667 1952 850 2021 conjugiorum
864 1949 1018 2020 operatione
1032 1949 1181 2018 suppletur.
1201 1961 1212 1997 ι

421 2043 567 2099 distinxisti
588 2059 651 2115 ergo
671 2043 724 2098 duo
747 2044 814 2107 ista,
830 2044 958 2110 satisque
982 2040 1121 2096 ostendisti
1143 2037 1214 2093 alind

421 2151 482 2191 esse
494 2145 627 2200 naturam,
642 2134 712 2189 aliud
728 2135 860 2202 conjugia,
873 2148 986 2202 qnorum
1000 2131 1153 2199 operatione
1169 2145 1216 2183 na·

422 2237 480 2281 tura
495 2225 642 2296 suppletur.
664 2225 732 2294 Quid
752 2235 792 2279 est
805 2240 869 2294 ergo
890 2223 963 2294 quod
977 2234 1069 2293 postea
1089 2231 1213 2276 naturam

423 2333 524 2389 genus,
545 2318 656 2389 ejusque
676 2319 792 2387 speciem
809 2319 847 2369 ris
861 2332 920 2371 esse
940 2316 1112 2385 conjugium?
1134 2314 1216 2368 Num·

423 2409 485 2478 qnid
503 2409 584 2463 ullum
596 2425 681 2479 genus
699 2409 795 2477 speciei
811 2424 865 2461 sure
886 2409 964 2461 ullius
983 2405 1138 2473 operatione
1151 2419 1216 2471 sup-

425 2500 532 2569 pleturi
555 2499 612 2554 Nun
633 2500 723 2567 utique
738 2515 745 2550 r
758 2514 844 2568 neque
864 2498 935 2552 euim
956 2497 1069 2560 animal,
1093 2495 1161 2564 quud
1177 2503 1218 2549 est

388 2576 393 2581 ⁵
423 2607 530 2662 penus,
546 2592 683 2662 suppletur
701 2591 854 2660 operatione
874 2589 1006 2652 hominis,
1026 2588 1162 2658 telequi,
1178 2587 1217 2641 tel

425 2682 518 2747 boris,
534 2681 573 2734 tel
593 2682 701 2736 alterius
714 2681 826 2748 alicujus
838 2679 960 2749 peeoris,
976 2678 1046 2749 qnod
1061 2678 1163 2748 species
1178 2686 1219 2731 est

426 2773 531 2842 pencris
557 2773 626 2825 illins
649 2791 655 2824 :
677 2772 891 2842 qnandoquidem
915 2773 1017 2826 etiamsi
1042 2771 1110 2824 desit
1132 2771 1216 2838 aliqua

427 2862 538 2930 species,
554 2861 740 2930 unieratnrqne
752 2862 785 2916 de
800 2862 897 2925 rebus;
920 2870 1007 2915 titanet
1021 2871 1108 2915 tamen
1123 2874 1216 2930 genus,

429 2953 498 3021 quod
518 2961 629 3007 caeteras
646 2953 813 3021 amplectitur
833 2953 953 3021 speeies,
972 2952 1041 3006 sicut
1062 2952 1140 3005 etiam
1162 2950 1218 3018 ipse

429 3043 578 3113 disputasti.
600 3042 675 3111 Quod
695 3057 777 3112 genus
796 3043 887 3113 utique
908 3042 1040 3112 integrum
1056 3057 1107 3096 nou
1125 3057 1217 3095 ntane·

428 3143 487 3199 ret,
509 3134 530 3187 si
545 3134 699 3202 opcmtinne
718 3133 833 3202 speciei,
847 3147 905 3203 qua·
919 3131 1005 3186 ablata
1019 3139 1068 3194 est,
1082 3129 1218 3201 supplere-

430 3231 470 3280 tur
487 3225 643 3281 :nonenim
659 3225 742 3295 magis
755 3233 907 3293 migetius,
932 3225 953 3278 si
973 3225 1077 3292 piures;
1092 3232 1117 3277 et
1132 3222 1219 3276 tninus

430 3326 471 3373 rat
486 3332 590 3388 genus.
615 3316 638 3371 si
660 3317 763 3386 speeies
778 3316 874 3370 babeat
888 3316 1026 3384 pauciores
1040 3331 1046 3366 ε
1062 3313 1183 3384 quamuis
1197 3314 1219 3366 si

429 3415 522 3465 omnes
542 3407 696 3463 anlerautur
719 3407 841 3477 species,
869 3421 918 3461 nee
932 3419 1016 3475 genus
1036 3405 1105 3468 erit,
1129 3419 1221 3472 quent·

429 3501 571 3556 admodum
586 3516 685 3570 genere
698 3501 805 3566 ablato,
827 3500 898 3553 nulla
913 3500 964 3554 erit
976 3499 1089 3567 speeies.
1111 3497 1167 3551 Nun
1180 3507 1221 3551 est

429 3589 676 3660 igiturcuunubium
688 3591 801 3659 speeies,
815 3603 950 3659 penusque
962 3598 1065 3653 natura,
1086 3587 1108 3641 si
1121 3602 1222 3641 corritu-

431 3671 536 3728 biorum
557 3688 640 3744 opere
655 3682 748 3727 natura
768 3673 905 3742 suppletur
943 3672 1010 3726 sicut
1029 3687 1081 3726 non
1095 3680 1137 3726 est
1150 3671 1221 3741 agri-

429 3765 532 3819 cultura
547 3765 651 3834 speeies
659 3767 766 3835 segetis,
777 3765 901 3835 quoniam
911 3764 1048 3834 suppletur
1056 3778 1133 3835 seges
1141 3779 1222 3832 opere

429 3856 606 3925 agriculturae.
629 3857 731 3912 Deinde
745 3857 767 3911 si
781 3868 902 3912 naturam
915 3872 1014 3926 genus,
1036 3856 1145 3926 ejusque
1158 3872 1221 3926 spe·

429 3948 497 4002 ciem
515 3947 585 4003 dieis
599 3962 659 4003 esse
672 3948 840 4018 eonjugium3
859 3949 951 4017 procul
969 3948 1051 4003 dubio
1069 3948 1157 4003 dicere
1174 3966 1222 4001 eu-

430 4037 517 4107 peris,
539 4038 609 4108 quod
624 4048 717 4092 natura
735 4038 770 4092 sit
781 4054 861 4094 omne
874 4038 1037 4109 conjugium.
1054 4037 1222 4108 ideoquippe

430 4129 519 4184 omnis
532 4144 618 4200 equus
632 4130 730 4185 animal
743 4138 793 4194 est,
807 4131 856 4185 etsi
865 4145 917 4184 non
928 4145 1006 4184 omne
1016 4116 1221 4200 anitnaltquns3

430 4221 490 4290 qnia
507 4222 612 4291 species
625 4234 667 4277 est
683 4237 783 4292 equus,
799 4223 896 4277 animal
914 4238 1007 4292 genus.
1024 4222 1096 4293 Ergo
1108 4239 1157 4278 nee
1172 4226 1178 4254 ¹
1196 4225 1223 4280 it

431 4313 464 4368 nb
477 4314 588 4369 bomine
601 4315 689 4385 aliqua
704 4323 796 4370 natura
810 4333 816 4369 :
828 4318 948 4385 quamvis
957 4317 1037 4379 enirn,
1052 4327 1081 4371 ut
1095 4317 1222 4386 scripturn

432 4414 490 4470 est,
511 4420 527 4458 a
540 4404 653 4460 bunrino
665 4405 791 4473 jungatur
807 4406 901 4460 mulier
916 4406 972 4459 riro
984 4403 1075 4478 (Pron.
1093 4422 1158 4472 ιιι,
1174 4408 1222 4471 tt,

432 4509 479 4548 tec.
504 4493 606 4563 Lllll'ta
632 4496 756 4565 quoniam
781 4497 831 4551 nisi
857 4494 999 4565 adjuvante
1025 4498 1082 4567 ipso
1106 4514 1158 4552 uon
1184 4499 1222 4565 11,

431 4583 540 4652 quando
554 4597 625 4641 recte
638 4585 667 4640 lit
680 4604 687 4641 :
701 4588 761 4657 quis
775 4597 861 4642 tamen
882 4589 982 4642 nesciat
992 4604 1071 4658 opera
1088 4589 1223 4643 bominum

430 4690 492 4734 esse
516 4678 659 4748 conjugia?
683 4679 767 4734 Porro
787 4681 808 4735 si
831 4689 952 4735 naturam
976 4696 1028 4736 non
1049 4681 1113 4737 lacit
1133 4681 1221 4746 horno,

427 4782 483 4825 non
510 4777 553 4824 est
579 4779 671 4823 natura
698 4769 868 4839 contingique
897 4771 956 4839 quia
984 4770 1137 4841 conjugium
1163 4773 1224 4825 lacit

423 4856 523 4916 Ιιοιιιο.
545 4861 584 4913 lie
599 4874 646 4928 per
659 4858 725 4922 hue,
746 4861 807 4929 qnia
821 4861 973 4929 conjugium
989 4869 1081 4913 natura
1096 4877 1148 4913 nou
1166 4871 1223 4925 est;

419 4950 555 5014 protecto
581 4959 682 5004 uatnrau
706 4950 828 5020 specim,
854 4959 978 5021 tauquam
1008 4951 1051 5004 illa
1076 4952 1110 5004 sit
1130 4967 1223 5019 pertus,

416 5044 506 5099 nullo
526 5057 588 5097 esse
610 5053 687 5112 paeto
711 5051 806 5111 potest.
831 5041 959 5111 Coniugia
985 5041 1064 5111 igitur
1083 5041 1115 5096 ad
1137 5055 1226 5096 mores

414 5128 573 5190 hominum
588 5135 730 5202 pertinent,
745 5133 794 5200 ipsi
808 5141 896 5186 autent
911 5130 1034 5187 homiues
1044 5132 1077 5187 ad
1092 5142 1224 5187 naturam.

1084 649 1184 708 ttttttt
1203 648 1361 718 obtutus

1976 649 2053 706 lid?

1258 768 1465 824 commistione,
1489 758 1536 814 sed
1554 773 1587 815 et
1611 769 1708 815 nostre
1726 757 1915 828 depravatione
1936 769 2046 818 naturae.

1260 864 1313 904 nou
1339 848 1429 903 dieunt
1453 849 1607 916 blattichari,
1631 849 1679 906 sed
1700 849 1792 905 dieunt
1813 848 1943 905 Catholici
1957 866 1965 905 a
1979 849 2049 920 qumi

1262 954 1309 995 ros
1322 942 1443 1011 negando
1458 942 1521 996 estis
1537 942 1666 997 iteretiei.

1297 1050 1381 1107 h'xll.
1395 1051 1453 1106 1ιι.
1477 1051 1516 1106 hd
1531 1050 1606 1122 eujus
1621 1051 1735 1106 rtotninis
1749 1052 1894 1108 carentiam
1913 1052 2051 1120 invidiam,

1263 1140 1361 1197 frustra
1383 1143 1492 1196 otrtuino
1507 1141 1673 1196 diversarum
1696 1141 1761 1197 lueis
1784 1142 1920 1200 hereseon
1939 1145 2053 1199 mentio·

1263 1251 1335 1289 nem.
1349 1235 1395 1289 Ais
1407 1235 1489 1301 euim,
1504 1253 1513 1285 t
1530 1234 1605 1289 Sient
1619 1235 1709 1290 Ariani
1724 1235 1874 1291 cattruttcos
1886 1236 2052 1292 sabellianus

1264 1338 1376 1392 uocant,
1399 1313 1520 1397 quamtis
1540 1337 1639 1381 certam
1660 1342 1834 1397 personarum
1856 1328 2053 1385 distinctionem

1266 1416 1371 1478 iaciant.
1388 1428 1488 1472 naturae
1508 1428 1595 1473 tamen
1615 1419 1801 1473 communione
1813 1430 1934 1486 serrata3
1949 1421 1984 1476 ita
1999 1432 2026 1475 et
2041 1438 2055 1476 a

1265 1509 1342 1564 nobis
1364 1509 1568 1566 llanicbaenrutn
1588 1510 1662 1564 vohis
1677 1526 1773 1566 numen
1797 1511 1913 1580 irnpoui;
1933 1527 1994 1567 cum
2009 1528 2056 1568 tos

1266 1616 1318 1656 ιιοιι
1339 1601 1433 1657 dicatis
1448 1602 1545 1656 malum
1559 1617 1617 1656 esse
1633 1602 1753 1672 nuptias,
1777 1603 1847 1673 quod
1862 1603 1953 1659 ilicum
1974 1603 2056 1659 ilani·

1266 1692 1333 1747 cbrei
1348 1735 1355 1758 ,
1372 1693 1418 1746 scd
1436 1693 1529 1747 clientis
1549 1695 1645 1747 malum
1667 1693 1692 1747 in
1707 1709 1800 1748 umnes
1821 1694 1941 1748 ltutnines
1955 1703 2057 1747 naturae

1266 1784 1418 1839 contlitinue
1446 1786 1559 1840 tmnsire
1575 1806 1583 1836 ι
1602 1785 1652 1855 (De
1667 1783 1769 1857 Nuptiis
1792 1796 1815 1839 et
1839 1785 2056 1857 Cottcupisremiu,

1267 1873 1311 1926 tit.
1324 1872 1357 1937 ⁸2,
1373 1891 1398 1927 ιι.
1414 1874 1470 1944 581,
1484 1876 1545 1929 llac
1554 1888 1641 1929 :utitem
1656 1888 1811 1944 argumenta
1828 1886 1870 1930 tua
1886 1877 2058 1946 prudentibus·

1268 1979 1320 2018 non
1341 1966 1445 2036 ambigo
1461 1967 1565 2021 irrisum
1581 1967 1612 2021 iri
1630 1986 1636 2021 :
1653 1984 1713 2020 nam
1729 1978 1758 2022 ut
1773 1969 1862 2022 hmani
1885 1968 2058 2025 laisol'utitu-

1270 2057 1335 2114 licos
1355 2057 1522 2113 Sabellianos
1540 2057 1646 2123 dicunt,
1665 2073 1725 2113 cutn
1747 2074 1760 2110 a
1782 2059 1858 2114 uobis
1878 2069 1905 2113 et
1929 2059 2014 2114 Patris
2033 2068 2061 2113 ct

1269 2150 1329 2206 Filii
1340 2159 1367 2207 et
1379 2149 1493 2219 Spiritus
1508 2150 1593 2204 saneti
1608 2165 1781 2219 personarum
1796 2151 1840 2203 liat
1855 2151 1912 2214 sine
1927 2152 1979 2206 ulln
1991 2167 2057 2206 con·-

1269 2241 1372 2296 lusiuue
1387 2251 1413 2295 et
1428 2240 1485 2294 sine
1506 2240 1652 2293 mutatione
1667 2240 1821 2294 substantiae
1834 2241 1984 2308 distinctio,
2007 2243 2059 2296 illi-

1269 2348 1320 2402 que
1337 2329 1510 2385 hebetissime
1532 2330 1745 2391 calumnientur,
1769 2331 1837 2384 iuter
1857 2347 1938 2383 numu
1960 2342 1986 2386 et
2007 2341 2060 2386 tres

1271 2421 1336 2475 nibil
1359 2422 1488 2475 interesse
1505 2438 1511 2473 z
1530 2421 1565 2473 ita
1586 2420 1666 2474 etiarn
1684 2417 1813 2472 Catltnlicl
1833 2421 1892 2488 jure
1913 2422 2061 2491 ttteritoque

1271 2526 1318 2565 tos
1339 2511 1498 2565 ilanielueos
1518 2525 1578 2565 esse
1599 2511 1789 2579 pronuntiant;
1815 2511 1875 2580 qnia
1901 2510 1927 2564 id
1950 2512 2062 2566 nitebis

1271 2602 1323 2657 dici
1347 2601 1412 2656 bdes
1435 2613 1522 2657 restra
1543 2601 1688 2671 compellit.
1713 2602 1841 2654 hsserunt
1861 2601 1959 2672 quippe
1980 2601 2063 2658 ilani·

1271 2693 1338 2748 cbaei
1361 2693 1481 2747 naturale
1502 2703 1639 2762 peecatum
1660 2711 1666 2745 :
1688 2707 1735 2745 ros
1753 2691 1841 2746 dicitis
1863 2695 1993 2748 naturale.
2018 2696 2063 2748 ut·

1272 2793 1336 2838 cunt
1359 2783 1496 2837 Manichaei
1524 2783 1658 2837 libidinem
1682 2797 1823 2852 corporum
1844 2801 1857 2836 a
1878 2785 1984 2840 diabolo
2003 2802 2062 2841 esse

1273 2877 1417 2944 plantatam
1430 2894 1437 2930 :
1455 2885 1479 2928 tu
1493 2876 1517 2928 iu
1533 2874 1895 2944 multiplicatadisputatione
1909 2878 2062 2933 confirmas.

1270 2964 1444 3020 Contendunt
1460 2965 1494 3019 illi
1507 2981 1554 3033 per
1566 2965 1685 3039 liberum
1695 2964 1833 3018 arbitrium
1847 2981 1900 3020 non
1916 2982 1994 3036 posse
2009 2985 2065 3022 tna·

1272 3056 1325 3109 lum
1338 3056 1442 3124 caveri,
1462 3057 1560 3126 quippe
1574 3056 1643 3125 quod
1656 3056 1775 3111 traturale
1788 3056 1822 3111 sit
1837 3075 1844 3112 ε
1857 3068 1883 3112 1ιι
1898 3074 2004 3129 quoqne
2017 3060 2065 3115 iis·

1271 3147 1332 3202 dent
1344 3148 1512 3202 sermonibus
1527 3149 1637 3201 liberunt
1651 3149 1843 3203 contruenhtris
1857 3150 2005 3216 arbitrium,
2018 3155 2066 3209 set

1272 3253 1320 3309 per
1335 3238 1405 3308 quud
1429 3239 1527 3292 tualntn
1548 3239 1603 3293 lteri
1629 3240 1710 3308 possit
1724 3242 1753 3304 ¹,
1779 3242 1881 3296 amalo
1902 3252 2066 3300 autemnon

1273 3331 1356 3398 possit
1379 3330 1484 3385 desisti.
1509 3331 1576 3384 Dicit
1600 3330 1762 3386 lluniebaeus
1783 3347 1875 3387 semen
1897 3349 1964 3390 csse·
1981 3335 2066 3391 tuale-

1274 3423 1373 3474 dictunt
1389 3439 1396 3475 ε
1412 3429 1438 3474 1ιι
1453 3420 1479 3474 id
1502 3421 1699 3490 Scripturarunt
1723 3424 1880 3478 auctoritate
1897 3425 2009 3494 probare
2021 3443 2067 3481 cu·

1275 3511 1355 3563 uaris.
1368 3510 1435 3564 llicit
1445 3510 1605 3564 llanielraeus
1619 3510 2064 3572 inconvertibilemessemalitiaut:

1275 3612 1302 3656 tu
1316 3603 1355 3657 sic
1367 3616 1428 3657 esse
1443 3600 1605 3656 tocileraris.
1631 3601 1684 3656 Sed
1699 3602 1766 3656 dieis
1782 3613 1809 3658 tu
1824 3605 1908 3658 Adam
1923 3607 2007 3660 solunt
2021 3626 2067 3661 ua·

1275 3704 1341 3748 turre
1357 3695 1437 3750 luisse
1460 3694 1576 3749 melioris
1593 3712 1600 3748 :
1616 3695 1680 3749 dicit
1692 3695 1772 3751 etiam
1792 3696 1953 3752 blatticltuus
1968 3698 2000 3754 ad
2014 3699 2067 3754 Pa-

1276 3788 1391 3852 trieiutu,
1407 3786 1545 3841 meliorent
1560 3787 1633 3843 illum
1647 3789 1828 3843 secutiseredi
1843 3801 1979 3860 oportere,
1992 3795 2067 3860 quasi

1274 3877 1307 3932 de
1324 3878 1414 3947 primu
1427 3890 1580 3933 curreretum
1599 3877 1666 3933 llore
1678 3879 1843 3934 substantie.
1868 3881 1940 3937 Dicis
1955 3892 1982 3937 tu
1995 3901 2068 3938 curtr-

1275 3972 1429 4025 mixtionem
1457 3979 1565 4040 propter
1591 3972 1725 4026 naturales
1750 3983 1839 4028 ntotus
1863 3988 1923 4028 esse
1952 3974 2065 4030 diaboli-

1275 4077 1351 4122 cam,
1379 4071 1459 4130 atque
1481 4061 1603 4117 homines
1624 4077 1638 4116 a
1658 4062 1764 4117 diabolo
1781 4065 1856 4134 qnasi
1875 4063 1979 4120 fruticis
2002 4084 2017 4120 a
2038 4084 2067 4121 se

1276 4151 1384 4221 plantati
1408 4150 1508 4206 lrnctus
1525 4150 1585 4221 iure
1602 4151 1709 4222 decerpi
1725 4169 1732 4204 ι
1748 4152 1813 4207 dicit
1834 4157 1914 4207 etiam
1939 4153 1989 4209 boe
2012 4157 2069 4210 lla·

1277 4243 1413 4308 uicimus,
1440 4242 1537 4312 quippe
1551 4257 1565 4295 a
1577 4256 1631 4312 quo
1651 4241 1676 4296 id
1690 4241 1800 4297 eredere
1821 4251 1846 4297 et
1868 4245 2000 4298 allirutare
2025 4246 2068 4298 di·

1276 4334 1374 4389 dicisti.
1399 4333 1467 4388 bien
1489 4333 1652 4388 llauiehaeus
1671 4344 1699 4389 et
1717 4345 1838 4388 naturam
1851 4344 1878 4391 et
1892 4338 1996 4406 nuptias
2014 4355 2070 4394 tna-

1230 4458 1236 4469 ·
1277 4426 1316 4481 las
1339 4440 1423 4482 esse:
1441 4435 1467 4480 1ιι
1489 4434 1576 4480 autem
1602 4427 1685 4481 bonas
1705 4426 1828 4495 nuptias,
1855 4428 1901 4483 sed
1924 4445 1995 4483 reatu
2020 4447 2069 4484 ua·

1279 4528 1375 4571 turam.
1403 4516 1460 4570 Non
1475 4523 1501 4570 tu
1522 4515 1565 4571 ltic
1588 4516 1753 4587 religiosior,
1780 4517 1827 4572 sed
1844 4518 1889 4574 ille
1902 4520 2068 4588 prudentior.

1277 4606 1417 4673 Quomodo
1442 4621 1507 4676 ergo
1531 4607 1626 4662 laisum
1653 4617 1713 4673 est,
1742 4608 1812 4678 qnod
1838 4608 1931 4663 dicunt
1958 4612 2066 4675 Ariani,

1277 4698 1432 4755 Catltolieos
1457 4697 1622 4755 Sabellianns
1645 4716 1703 4755 esse
1729 4719 1735 4754 ε
1757 4702 1791 4754 ita
1813 4701 1981 4757 tcrissituunt
2008 4712 2067 4765 est,

1278 4790 1348 4861 quod
1371 4791 1462 4846 tlieunt
1481 4790 1630 4855 Catholici,
1649 4790 1829 4844 Tratiuciauos
1849 4806 1901 4845 non
1921 4806 1980 4847 csse
1999 4792 2069 4846 aliud

1278 4900 1357 4953 qnam
1384 4884 1562 4948 llauiebatus3
1587 4882 1786 4938 distinctionem
1813 4895 1902 4939 autem
1928 4885 1997 4941 inter
2024 4903 2071 4940 rus

1279 4974 1425 5029 illusorium
1446 4973 1574 5043 quidem,
1598 4989 1649 5027 nnn
1666 4973 1717 5028 lule
1739 4985 1847 5040 restra,
1873 4975 1921 5031 scd
1939 4977 2070 5046 imperitia

1280 5066 1434 5134 contigisse.
1456 5064 1540 5121 Unius
1560 5081 1624 5137 ergo
1645 5065 1705 5121 iudei
1729 5076 1755 5120 1ιι
1776 5077 1803 5121 et
1826 5067 1988 5123 llauicbaeus
2003 5087 2009 5122 :
2025 5071 2072 5124 seri

1281 5157 1323 5211 ilie
1344 5157 1430 5211 minus
1447 5157 1604 5226 impudens,
1629 5174 1707 5228 quam
1729 5167 1772 5215 tua
1788 5159 1903 5229 pratitas
1918 5160 2067 5224 iuvenitur,

409 5216 510 5280 Licet
531 5224 621 5293 itaque
642 5223 719 5279 nohis
740 5224 809 5278 mala
830 5223 928 5277 vitiatae
941 5225 1092 5292 uituperare
1113 5232 1222 5288 naturae,

408 5324 449 5372 et
464 5313 582 5370 laudare
595 5329 682 5370 mores
694 5314 761 5369 bene
770 5323 875 5369 utentes
885 5315 961 5369 bunis
973 5316 1101 5384 malisque
1114 5326 1225 5370 natoue.

407 5399 526 5462 laudo
539 5419 602 5476 ergo
616 5406 738 5476 conjugia
755 5423 762 5460 :
777 5404 847 5459 absit
859 5414 984 5460 autemut
995 5406 1099 5460 laudent
1115 5407 1224 5473 malurn,

406 5507 557 5568 quocaro
568 5496 996 5567 concupiscitadversusspiritum
1009 5514 1016 5563 ;
1029 5497 1147 5569 sineque
1156 5498 1226 5552 malo

409 5593 576 5660 ‘tuisquam
589 5589 726 5644 bominum
740 5605 792 5644 nou
803 5599 890 5659 potest
902 5590 975 5644 nasci
989 5589 1083 5659 ;cujus
1098 5590 1160 5643 mali
1173 5605 1225 5643 rea

412 5683 472 5737 tus
486 5724 496 5747 ,
521 5679 572 5735 nisi
585 5680 768 5747 renascendo,
792 5698 843 5735 nou
865 5690 952 5749 potest
966 5681 1051 5746 sulri;
1076 5680 1152 5750 cujus
1165 5681 1225 5735 mali

414 5767 522 5830 bouus
534 5787 599 5828 usus
614 5772 736 5828 landatur
748 5774 773 5827 in
789 5774 930 5829 concubitu
944 5773 1085 5844 conjugali.
1111 5773 1228 5829 Proinde

417 5863 568 5936 originale
589 5874 745 5934 peceatum,
769 5865 840 5934 quud
862 5881 912 5920 non
930 5865 1110 5922 trahitnr'ea
1133 5866 1228 5922 aliena}

1280 5263 1366 5318 neque
1388 5249 1459 5302 enim
1483 5249 1559 5304 lucide
1578 5249 1738 5304 llaniclncus
1757 5261 1802 5304 ant
1816 5250 1939 5303 ttetitmts
1951 5250 2075 5306 alterui-

1281 5340 1409 5408 lenditur,
1437 5342 1481 5410 qui
1495 5342 1566 5396 dicat
1585 5358 1615 5397 se
1628 5343 1754 5397 damnare
1778 5352 1900 5398 naturam
1922 5343 2072 5414 ltontinuur,

1281 5433 1391 5489 sednon
1407 5434 1535 5490 iuiamarc
1548 5437 1680 5507 conjugia.

1317 5526 1385 5580 Ano.
1405 5523 1458 5579 Cur
1469 5541 1519 5597 ego
1539 5527 1651 5581 Arianos
1665 5538 1691 5581 et
1703 5525 1870 5584 sabellianus
1879 5545 2073 5585 eonnnemora-

1282 5616 1376 5683 verim,
1391 5617 1436 5687 qui
1450 5618 1545 5672 librum
1557 5618 1630 5672 illurn
1647 5634 1735 5673 meutn
1749 5619 1900 5692 intelligens
1915 5621 1995 5690 legit,
2009 5634 2070 5672 mox

1282 5710 1401 5774 inuenit:
1426 5719 1504 5780 teque
1520 5710 1641 5780 pervidet
1655 5710 1747 5767 dolose
1759 5728 1857 5783 apere,
1880 5713 1924 5780 qni
1948 5708 2070 5764 eamdent

1281 5816 1388 5855 causatu
1403 5810 1484 5855 totam
1495 5815 1704 5858 commemorare
1717 5803 1833 5857 noluisti.
1845 5801 1904 5856 'libi
1917 5801 1987 5855 enirn
1998 5800 2052 5855 diti
2064 5816 2071 5855 a

1315 5974 1322 6005 ¹
1336 5981 1398 6022 turos
1410 5973 1448 6022 bie
1460 5985 1554 6030 tttrsua,
1568 5986 1656 6044 nempe
1668 5989 1681 6023 a
1695 5976 1785 6033 uerbis,
1794 5982 1818 6024 tu
1837 5986 1937 6036 quoque,
1946 5987 2025 6038 uttpte
2036 5973 2075 6038 ad,
2128 5993 2134 6004 ·

464 6003 473 6032 ι
491 5996 575 6047 mm
588 6004 658 6055 Μ’
672 6008 769 6058 ‘mom'
1286 6034 1349 6094 tptod
1369 6033 1457 6083 tnalrrnt
1479 6032 1535 6095 ficti
1544 6041 1631 6098 posatt,
1644 6038 1796 6087 restituimus
1808 6049 1839 6085 ex
1857 6039 2034 6098 nattuserqts.

462 6065 475 6095 ¹
494 6060 640 6121 t'tpnicrltta,
652 6070 697 6108 nott
709 6054 839 6119 trrrjt'titttr.
