<?xml version="1.0" encoding="UTF-8"?>
<!DOCTYPE html PUBLIC "-//W3C//DTD XHTML 1.0 Transitional//EN"
    "http://www.w3.org/TR/xhtml1/DTD/xhtml1-transitional.dtd">
<html xmlns="http://www.w3.org/1999/xhtml" xml:lang="en" lang="en">
 <head>
  <title>
</title>
<meta http-equiv="Content-Type" content="text/html;charset=utf-8" />
  <meta name='ocr-system' content='tesseract 3.04.00' />
  <meta name='ocr-capabilities' content='ocr_page ocr_carea ocr_par ocr_line ocrx_word'/>
</head>
<body>
  <div class='ocr_page' id='page_1' title='image "./patrologiaecurs58unkngoog_0103.png"; bbox 0 0 4900 6892; ppageno 0'>
   <div class='ocr_carea' id='block_1_1' title="bbox 325 656 392 714">
    <p class='ocr_par' dir='ltr' id='par_1_1' title="bbox 325 656 392 714">
     <span class='ocr_line' id='line_1_1' title="bbox 325 656 392 714; baseline -0.03 0"><span class='ocrx_word' id='word_1_1' title='bbox 325 656 392 714; x_wconf 80' lang='lat' dir='ltr'>iiii</span> 
     </span>
    </p>
   </div>
   <div class='ocr_carea' id='block_1_2' title="bbox 285 760 1120 4575">
    <p class='ocr_par' dir='ltr' id='par_1_2' title="bbox 285 760 1120 4575">
     <span class='ocr_line' id='line_1_2' title="bbox 325 760 1118 840; baseline -0.016 -14"><span class='ocrx_word' id='word_1_2' title='bbox 325 782 381 826; x_wconf 79' lang='lat' dir='ltr'>tem</span> <span class='ocrx_word' id='word_1_3' title='bbox 393 773 418 826; x_wconf 85' lang='lat' dir='ltr'>ei</span> <span class='ocrx_word' id='word_1_4' title='bbox 428 770 471 840; x_wconf 74' lang='grc' dir='ltr'>ιιι</span> <span class='ocrx_word' id='word_1_5' title='bbox 484 785 511 824; x_wconf 83' lang='grc' dir='ltr'>ιι</span> <span class='ocrx_word' id='word_1_6' title='bbox 524 769 609 839; x_wconf 74' lang='lat' dir='ltr'>fiuxit,</span> <span class='ocrx_word' id='word_1_7' title='bbox 627 766 694 833; x_wconf 85' lang='lat' dir='ltr'>Quid</span> <span class='ocrx_word' id='word_1_8' title='bbox 709 780 748 820; x_wconf 86' lang='grc' dir='ltr'>ιιι</span> <span class='ocrx_word' id='word_1_9' title='bbox 761 763 841 834; x_wconf 74' lang='lat' dir='ltr'>iecisti</span> <span class='ocrx_word' id='word_1_10' title='bbox 860 762 917 817; x_wconf 80' lang='lat' dir='ltr'>sic?</span> <span class='ocrx_word' id='word_1_11' title='bbox 934 763 1025 816; x_wconf 76' lang='lat' dir='ltr'>Aterion</span> <span class='ocrx_word' id='word_1_12' title='bbox 1044 760 1118 814; x_wconf 85' lang='lat' dir='ltr'>dubet</span> 
     </span>
     <span class='ocr_line' id='line_1_3' title="bbox 325 852 1118 933; baseline -0.015 -16"><span class='ocrx_word' id='word_1_13' title='bbox 325 870 475 933; x_wconf 82' lang='lat' dir='ltr'>potestatem</span> <span class='ocrx_word' id='word_1_14' title='bbox 496 861 591 933; x_wconf 70' lang='lat' dir='ltr'>piperius</span> <span class='ocrx_word' id='word_1_15' title='bbox 612 859 669 928; x_wconf 88' lang='lat' dir='ltr'>iuti,</span> <span class='ocrx_word' id='word_1_16' title='bbox 688 874 720 913; x_wconf 80' lang='lat' dir='ltr'>eu</span> <span class='ocrx_word' id='word_1_17' title='bbox 740 857 829 913; x_wconf 84' lang='lat' dir='ltr'>eadem</span> <span class='ocrx_word' id='word_1_18' title='bbox 842 861 925 910; x_wconf 81' lang='lat' dir='ltr'>unnim</span> <span class='ocrx_word' id='word_1_19' title='bbox 944 859 1027 928; x_wconf 73' lang='lat' dir='ltr'>[acme</span> <span class='ocrx_word' id='word_1_20' title='bbox 1047 852 1118 908; x_wconf 88' lang='lat' dir='ltr'>aliud</span> 
     </span>
     <span class='ocr_line' id='line_1_4' title="bbox 323 944 1118 1025; baseline -0.01 -19"><span class='ocrx_word' id='word_1_21' title='bbox 323 954 427 1025; x_wconf 77' lang='lat' dir='ltr'>quidem</span> <span class='ocrx_word' id='word_1_22' title='bbox 441 970 485 1008; x_wconf 87' lang='lat' dir='ltr'>aus</span> <span class='ocrx_word' id='word_1_23' title='bbox 496 952 522 1007; x_wconf 87' lang='lat' dir='ltr'>in</span> <span class='ocrx_word' id='word_1_24' title='bbox 534 953 665 1022; x_wconf 81' lang='lat' dir='ltr'>duriorem,</span> <span class='ocrx_word' id='word_1_25' title='bbox 681 949 751 1004; x_wconf 87' lang='lat' dir='ltr'>eliud</span> <span class='ocrx_word' id='word_1_26' title='bbox 763 965 789 1004; x_wconf 89' lang='lat' dir='ltr'>m</span> <span class='ocrx_word' id='word_1_27' title='bbox 805 947 1004 1004; x_wconf 79' lang='lat' dir='ltr'>contumelium?</span> <span class='ocrx_word' id='word_1_28' title='bbox 1017 944 1083 1001; x_wconf 80' lang='lat' dir='ltr'>tide</span> <span class='ocrx_word' id='word_1_29' title='bbox 1095 945 1118 999; x_wconf 84' lang='lat' dir='ltr'>si</span> 
     </span>
     <span class='ocr_line' id='line_1_5' title="bbox 325 1037 1117 1114; baseline -0.01 -16"><span class='ocrx_word' id='word_1_30' title='bbox 325 1062 381 1101; x_wconf 89' lang='lat' dir='ltr'>non</span> <span class='ocrx_word' id='word_1_31' title='bbox 396 1053 527 1100; x_wconf 74' lang='lat' dir='ltr'>consonat</span> <span class='ocrx_word' id='word_1_32' title='bbox 539 1042 723 1114; x_wconf 85' lang='lat' dir='ltr'>superioribus</span> <span class='ocrx_word' id='word_1_33' title='bbox 736 1041 801 1108; x_wconf 85' lang='lat' dir='ltr'>suis,</span> <span class='ocrx_word' id='word_1_34' title='bbox 824 1048 851 1096; x_wconf 91' lang='lat' dir='ltr'>et</span> <span class='ocrx_word' id='word_1_35' title='bbox 871 1039 996 1094; x_wconf 71' lang='lat' dir='ltr'><strong>dissentit</strong></span> <span class='ocrx_word' id='word_1_36' title='bbox 1015 1053 1030 1092; x_wconf 89' lang='lat' dir='ltr'>a</span> <span class='ocrx_word' id='word_1_37' title='bbox 1046 1037 1117 1092; x_wconf 90' lang='lat' dir='ltr'>tuis:</span> 
     </span>
     <span class='ocr_line' id='line_1_6' title="bbox 324 1132 1116 1210; baseline -0.011 -17"><span class='ocrx_word' id='word_1_38' title='bbox 324 1140 371 1210; x_wconf 82' lang='lat' dir='ltr'>qni</span> <span class='ocrx_word' id='word_1_39' title='bbox 388 1147 466 1208; x_wconf 87' lang='lat' dir='ltr'>putas</span> <span class='ocrx_word' id='word_1_40' title='bbox 479 1137 530 1193; x_wconf 87' lang='lat' dir='ltr'>hoc</span> <span class='ocrx_word' id='word_1_41' title='bbox 551 1136 652 1192; x_wconf 87' lang='lat' dir='ltr'>dictam</span> <span class='ocrx_word' id='word_1_42' title='bbox 666 1133 812 1191; x_wconf 88' lang='lat' dir='ltr'>secundum</span> <span class='ocrx_word' id='word_1_43' title='bbox 831 1133 925 1188; x_wconf 82' lang='lat' dir='ltr'>nterita</span> <span class='ocrx_word' id='word_1_44' title='bbox 940 1132 1116 1195; x_wconf 74' lang='lat' dir='ltr'>voluntatum,</span> 
     </span>
     <span class='ocr_line' id='line_1_7' title="bbox 324 1223 1117 1298; baseline -0.014 -13"><span class='ocrx_word' id='word_1_45' title='bbox 324 1238 419 1285; x_wconf 85' lang='lat' dir='ltr'>cotrtra</span> <span class='ocrx_word' id='word_1_46' title='bbox 430 1227 457 1284; x_wconf 88' lang='lat' dir='ltr'>id</span> <span class='ocrx_word' id='word_1_47' title='bbox 469 1227 539 1298; x_wconf 87' lang='lat' dir='ltr'>quod</span> <span class='ocrx_word' id='word_1_48' title='bbox 550 1227 608 1298; x_wconf 89' lang='lat' dir='ltr'>ipse</span> <span class='ocrx_word' id='word_1_49' title='bbox 620 1226 669 1292; x_wconf 89' lang='lat' dir='ltr'>ait,</span> <span class='ocrx_word' id='word_1_50' title='bbox 679 1224 742 1281; x_wconf 82' lang='lat' dir='ltr'>Cum</span> <span class='ocrx_word' id='word_1_51' title='bbox 755 1225 820 1279; x_wconf 89' lang='lat' dir='ltr'>enim</span> <span class='ocrx_word' id='word_1_52' title='bbox 834 1223 946 1278; x_wconf 87' lang='lat' dir='ltr'>noudum</span> <span class='ocrx_word' id='word_1_53' title='bbox 960 1224 1013 1276; x_wconf 88' lang='lat' dir='ltr'>nuti</span> <span class='ocrx_word' id='word_1_54' title='bbox 1025 1229 1117 1288; x_wconf 84' lang='lat' dir='ltr'>essent,</span> 
     </span>
     <span class='ocr_line' id='line_1_8' title="bbox 323 1313 1119 1391; baseline -0.008 -18"><span class='ocrx_word' id='word_1_55' title='bbox 323 1335 370 1373; x_wconf 81' lang='lat' dir='ltr'>ater</span> <span class='ocrx_word' id='word_1_56' title='bbox 383 1317 482 1389; x_wconf 81' lang='lat' dir='ltr'>aliquid</span> <span class='ocrx_word' id='word_1_57' title='bbox 495 1318 602 1391; x_wconf 82' lang='lat' dir='ltr'>epissent</span> <span class='ocrx_word' id='word_1_58' title='bbox 618 1315 676 1371; x_wconf 86' lang='lat' dir='ltr'>boni</span> <span class='ocrx_word' id='word_1_59' title='bbox 687 1316 726 1371; x_wconf 83' lang='lat' dir='ltr'>rei</span> <span class='ocrx_word' id='word_1_60' title='bbox 739 1316 812 1382; x_wconf 83' lang='lat' dir='ltr'>mcii,</span> <span class='ocrx_word' id='word_1_61' title='bbox 826 1324 854 1369; x_wconf 87' lang='grc' dir='ltr'>ιι</span> <span class='ocrx_word' id='word_1_62' title='bbox 867 1314 1005 1368; x_wconf 85' lang='lat' dir='ltr'>seeundum</span> <span class='ocrx_word' id='word_1_63' title='bbox 1018 1313 1119 1368; x_wconf 86' lang='lat' dir='ltr'>eiectio·</span> 
     </span>
     <span class='ocr_line' id='line_1_9' title="bbox 325 1403 1119 1480; baseline -0.008 -16"><span class='ocrx_word' id='word_1_64' title='bbox 325 1426 383 1464; x_wconf 83' lang='lat' dir='ltr'>nem</span> <span class='ocrx_word' id='word_1_65' title='bbox 395 1409 553 1480; x_wconf 85' lang='lat' dir='ltr'>propositum</span> <span class='ocrx_word' id='word_1_66' title='bbox 565 1406 613 1462; x_wconf 82' lang='lat' dir='ltr'>liei</span> <span class='ocrx_word' id='word_1_67' title='bbox 626 1414 747 1474; x_wconf 78' lang='lat' dir='ltr'>nronmet,</span> <span class='ocrx_word' id='word_1_68' title='bbox 766 1421 818 1460; x_wconf 90' lang='lat' dir='ltr'>non</span> <span class='ocrx_word' id='word_1_69' title='bbox 832 1422 863 1460; x_wconf 81' lang='lat' dir='ltr'>ea</span> <span class='ocrx_word' id='word_1_70' title='bbox 877 1404 1003 1475; x_wconf 86' lang='lat' dir='ltr'>operibus,</span> <span class='ocrx_word' id='word_1_71' title='bbox 1025 1403 1070 1458; x_wconf 84' lang='lat' dir='ltr'>sed</span> <span class='ocrx_word' id='word_1_72' title='bbox 1087 1420 1119 1458; x_wconf 79' lang='lat' dir='ltr'>eu</span> 
     </span>
     <span class='ocr_line' id='line_1_10' title="bbox 325 1496 1120 1564; baseline -0.008 -10"><span class='ocrx_word' id='word_1_73' title='bbox 325 1510 432 1554; x_wconf 77' lang='lat' dir='ltr'>rotome</span> <span class='ocrx_word' id='word_1_74' title='bbox 442 1500 539 1554; x_wconf 82' lang='lat' dir='ltr'>dictura</span> <span class='ocrx_word' id='word_1_75' title='bbox 550 1507 597 1564; x_wconf 86' lang='lat' dir='ltr'>est,</span> <span class='ocrx_word' id='word_1_76' title='bbox 613 1497 680 1562; x_wconf 85' lang='lat' dir='ltr'>Quia</span> <span class='ocrx_word' id='word_1_77' title='bbox 692 1498 775 1563; x_wconf 76' lang='lat' dir='ltr'>maior</span> <span class='ocrx_word' id='word_1_78' title='bbox 787 1497 875 1551; x_wconf 83' lang='lat' dir='ltr'>seruiet</span> <span class='ocrx_word' id='word_1_79' title='bbox 889 1496 997 1560; x_wconf 88' lang='lat' dir='ltr'>minori,·</span> <span class='ocrx_word' id='word_1_80' title='bbox 1014 1503 1041 1550; x_wconf 89' lang='lat' dir='ltr'>et</span> <span class='ocrx_word' id='word_1_81' title='bbox 1055 1510 1120 1549; x_wconf 91' lang='lat' dir='ltr'>con·</span> 
     </span>
     <span class='ocr_line' id='line_1_11' title="bbox 325 1586 1120 1661; baseline -0.005 -17"><span class='ocrx_word' id='word_1_82' title='bbox 325 1598 366 1644; x_wconf 85' lang='lat' dir='ltr'>tra</span> <span class='ocrx_word' id='word_1_83' title='bbox 379 1590 405 1644; x_wconf 82' lang='lat' dir='ltr'>t&#39;d</span> <span class='ocrx_word' id='word_1_84' title='bbox 418 1588 491 1659; x_wconf 84' lang='lat' dir='ltr'>quod</span> <span class='ocrx_word' id='word_1_85' title='bbox 506 1589 563 1661; x_wconf 78' lang='lat' dir='ltr'>ipse</span> <span class='ocrx_word' id='word_1_86' title='bbox 577 1588 624 1656; x_wconf 90' lang='lat' dir='ltr'>ait,</span> <span class='ocrx_word' id='word_1_87' title='bbox 637 1586 723 1660; x_wconf 82' lang='lat' dir='ltr'>igitur</span> <span class='ocrx_word' id='word_1_88' title='bbox 734 1604 785 1642; x_wconf 89' lang='lat' dir='ltr'>non</span> <span class='ocrx_word' id='word_1_89' title='bbox 796 1587 910 1653; x_wconf 81' lang='lat' dir='ltr'>uolentis,</span> <span class='ocrx_word' id='word_1_90' title='bbox 925 1602 1004 1656; x_wconf 78' lang='lat' dir='ltr'>neque</span> <span class='ocrx_word' id='word_1_91' title='bbox 1015 1602 1120 1641; x_wconf 79' lang='lat' dir='ltr'>cumeu-</span> 
     </span>
     <span class='ocr_line' id='line_1_12' title="bbox 326 1676 1118 1749; baseline -0.005 -14"><span class='ocrx_word' id='word_1_92' title='bbox 326 1680 369 1749; x_wconf 81' lang='lat' dir='ltr'>tir,</span> <span class='ocrx_word' id='word_1_93' title='bbox 382 1680 428 1735; x_wconf 84' lang='lat' dir='ltr'>sed</span> <span class='ocrx_word' id='word_1_94' title='bbox 440 1681 580 1736; x_wconf 71' lang='lat' dir='ltr'>miserentis</span> <span class='ocrx_word' id='word_1_95' title='bbox 595 1688 631 1734; x_wconf 87' lang='lat' dir='ltr'>est</span> <span class='ocrx_word' id='word_1_96' title='bbox 646 1677 702 1734; x_wconf 81' lang='lat' dir='ltr'>lber.</span> <span class='ocrx_word' id='word_1_97' title='bbox 719 1677 774 1734; x_wconf 82' lang='lat' dir='ltr'>Nec</span> <span class='ocrx_word' id='word_1_98' title='bbox 786 1678 873 1733; x_wconf 87' lang='lat' dir='ltr'>solum</span> <span class='ocrx_word' id='word_1_99' title='bbox 885 1684 977 1732; x_wconf 87' lang='lat' dir='ltr'>eontra</span> <span class='ocrx_word' id='word_1_100' title='bbox 990 1676 1118 1746; x_wconf 76' lang='lat' dir='ltr'>hecquae</span> 
     </span>
     <span class='ocr_line' id='line_1_13' title="bbox 326 1767 1119 1842; baseline -0.009 -14"><span class='ocrx_word' id='word_1_101' title='bbox 326 1778 533 1842; x_wconf 66' lang='lat' dir='ltr'>precesserant,</span> <span class='ocrx_word' id='word_1_102' title='bbox 555 1786 647 1825; x_wconf 87' lang='lat' dir='ltr'>rerum</span> <span class='ocrx_word' id='word_1_103' title='bbox 670 1770 750 1826; x_wconf 91' lang='lat' dir='ltr'>ctiam</span> <span class='ocrx_word' id='word_1_104' title='bbox 772 1779 865 1824; x_wconf 90' lang='lat' dir='ltr'>eontra</span> <span class='ocrx_word' id='word_1_105' title='bbox 890 1768 934 1823; x_wconf 89' lang='lat' dir='ltr'>illa</span> <span class='ocrx_word' id='word_1_106' title='bbox 947 1782 1006 1838; x_wconf 71' lang='lat' dir='ltr'>oure</span> <span class='ocrx_word' id='word_1_107' title='bbox 1021 1767 1119 1822; x_wconf 80' lang='lat' dir='ltr'>salise·</span> 
     </span>
     <span class='ocr_line' id='line_1_14' title="bbox 327 1856 1119 1930; baseline -0.005 -15"><span class='ocrx_word' id='word_1_108' title='bbox 327 1859 537 1930; x_wconf 72' lang='lat' dir='ltr'>guentoniensi</span> <span class='ocrx_word' id='word_1_109' title='bbox 550 1859 648 1930; x_wconf 78' lang='lat' dir='ltr'>quippe</span> <span class='ocrx_word' id='word_1_110' title='bbox 661 1860 708 1914; x_wconf 78' lang='lat' dir='ltr'>irre</span> <span class='ocrx_word' id='word_1_111' title='bbox 722 1859 795 1924; x_wconf 84' lang='lat' dir='ltr'>dicit,</span> <span class='ocrx_word' id='word_1_112' title='bbox 811 1874 870 1930; x_wconf 76' lang='lat' dir='ltr'>qne</span> <span class='ocrx_word' id='word_1_113' title='bbox 885 1869 947 1912; x_wconf 90' lang='lat' dir='ltr'>sunt</span> <span class='ocrx_word' id='word_1_114' title='bbox 963 1856 1080 1928; x_wconf 87' lang='lat' dir='ltr'>perlecta</span> <span class='ocrx_word' id='word_1_115' title='bbox 1093 1858 1119 1911; x_wconf 92' lang='lat' dir='ltr'>in</span> 
     </span>
     <span class='ocr_line' id='line_1_15' title="bbox 327 1951 1118 2023; baseline -0.001 -16"><span class='ocrx_word' id='word_1_116' title='bbox 327 1952 520 2023; x_wconf 65' lang='lat' dir='ltr'>perditionem</span> <span class='ocrx_word' id='word_1_117' title='bbox 543 1951 616 2023; x_wconf 88' lang='lat' dir='ltr'>quod</span> <span class='ocrx_word' id='word_1_118' title='bbox 632 1952 757 2022; x_wconf 79' lang='lat' dir='ltr'>injustam</span> <span class='ocrx_word' id='word_1_119' title='bbox 771 1961 853 2020; x_wconf 87' lang='lat' dir='ltr'>esset,</span> <span class='ocrx_word' id='word_1_120' title='bbox 877 1952 926 2006; x_wconf 81' lang='lat' dir='ltr'>nisi</span> <span class='ocrx_word' id='word_1_121' title='bbox 946 1951 1071 2006; x_wconf 89' lang='lat' dir='ltr'>omnibus</span> <span class='ocrx_word' id='word_1_122' title='bbox 1086 1967 1118 2006; x_wconf 86' lang='lat' dir='ltr'>ex</span> 
     </span>
     <span class='ocr_line' id='line_1_16' title="bbox 327 2040 1118 2111; baseline -0.001 -14"><span class='ocrx_word' id='word_1_123' title='bbox 327 2057 381 2098; x_wconf 84' lang='lat' dir='ltr'>nno</span> <span class='ocrx_word' id='word_1_124' title='bbox 402 2043 430 2097; x_wconf 91' lang='lat' dir='ltr'>in</span> <span class='ocrx_word' id='word_1_125' title='bbox 453 2041 703 2098; x_wconf 74' lang='lat' dir='ltr'>condemnationem</span> <span class='ocrx_word' id='word_1_126' title='bbox 730 2042 898 2098; x_wconf 69' lang='lat' dir='ltr'>venientibus</span> <span class='ocrx_word' id='word_1_127' title='bbox 916 2040 970 2111; x_wconf 89' lang='lat' dir='ltr'>jam</span> <span class='ocrx_word' id='word_1_128' title='bbox 994 2041 1118 2096; x_wconf 89' lang='lat' dir='ltr'>damnata</span> 
     </span>
     <span class='ocr_line' id='line_1_17' title="bbox 327 2132 1119 2204; baseline -0.004 -14"><span class='ocrx_word' id='word_1_129' title='bbox 327 2149 416 2190; x_wconf 79' lang='lat' dir='ltr'>massa</span> <span class='ocrx_word' id='word_1_130' title='bbox 434 2144 521 2203; x_wconf 84' lang='lat' dir='ltr'>esset:</span> <span class='ocrx_word' id='word_1_131' title='bbox 533 2142 561 2189; x_wconf 90' lang='lat' dir='ltr'>et</span> <span class='ocrx_word' id='word_1_132' title='bbox 573 2149 636 2190; x_wconf 87' lang='lat' dir='ltr'>rasa</span> <span class='ocrx_word' id='word_1_133' title='bbox 650 2134 713 2189; x_wconf 91' lang='lat' dir='ltr'>dicit</span> <span class='ocrx_word' id='word_1_134' title='bbox 727 2132 927 2198; x_wconf 77' lang='lat' dir='ltr'>misericordie,</span> <span class='ocrx_word' id='word_1_135' title='bbox 942 2149 1001 2204; x_wconf 72' lang='lat' dir='ltr'>poce</span> <span class='ocrx_word' id='word_1_136' title='bbox 1017 2149 1119 2204; x_wconf 81' lang='lat' dir='ltr'>praepa·</span> 
     </span>
     <span class='ocr_line' id='line_1_18' title="bbox 327 2223 1116 2295; baseline -0.003 -17"><span class='ocrx_word' id='word_1_137' title='bbox 327 2224 396 2279; x_wconf 78' lang='lat' dir='ltr'>ravit</span> <span class='ocrx_word' id='word_1_138' title='bbox 406 2223 433 2278; x_wconf 92' lang='lat' dir='ltr'>in</span> <span class='ocrx_word' id='word_1_139' title='bbox 446 2224 574 2295; x_wconf 88' lang='lat' dir='ltr'>gloriam:</span> <span class='ocrx_word' id='word_1_140' title='bbox 590 2223 623 2278; x_wconf 90' lang='lat' dir='ltr'>ad</span> <span class='ocrx_word' id='word_1_141' title='bbox 639 2223 847 2279; x_wconf 87' lang='lat' dir='ltr'>misericordiam</span> <span class='ocrx_word' id='word_1_142' title='bbox 858 2223 955 2295; x_wconf 83' lang='lat' dir='ltr'>quippe</span> <span class='ocrx_word' id='word_1_143' title='bbox 965 2233 1116 2294; x_wconf 83' lang='lat' dir='ltr'>gratuitam,</span> 
     </span>
     <span class='ocr_line' id='line_1_19' title="bbox 327 2313 1118 2386; baseline 0 -16"><span class='ocrx_word' id='word_1_144' title='bbox 327 2329 379 2370; x_wconf 90' lang='lat' dir='ltr'>non</span> <span class='ocrx_word' id='word_1_145' title='bbox 390 2313 518 2380; x_wconf 85' lang='lat' dir='ltr'>debitam,</span> <span class='ocrx_word' id='word_1_146' title='bbox 531 2315 643 2385; x_wconf 74' lang='lat' dir='ltr'>pertinet</span> <span class='ocrx_word' id='word_1_147' title='bbox 654 2314 688 2369; x_wconf 92' lang='lat' dir='ltr'>de</span> <span class='ocrx_word' id='word_1_148' title='bbox 700 2329 787 2368; x_wconf 87' lang='lat' dir='ltr'>massa</span> <span class='ocrx_word' id='word_1_149' title='bbox 802 2313 926 2368; x_wconf 87' lang='lat' dir='ltr'>damnata</span> <span class='ocrx_word' id='word_1_150' title='bbox 941 2329 1003 2369; x_wconf 87' lang='lat' dir='ltr'>rasa</span> <span class='ocrx_word' id='word_1_151' title='bbox 1019 2315 1044 2368; x_wconf 93' lang='lat' dir='ltr'>in</span> <span class='ocrx_word' id='word_1_152' title='bbox 1058 2315 1118 2386; x_wconf 89' lang='lat' dir='ltr'>gio·</span> 
     </span>
     <span class='ocr_line' id='line_1_20' title="bbox 327 2388 1119 2475; baseline -0.004 -14"><span class='ocrx_word' id='word_1_153' title='bbox 327 2388 398 2461; x_wconf 79' lang='lat' dir='ltr'>nani</span> <span class='ocrx_word' id='word_1_154' title='bbox 407 2419 573 2475; x_wconf 78' lang='lat' dir='ltr'>praepamre3</span> <span class='ocrx_word' id='word_1_155' title='bbox 587 2421 637 2459; x_wconf 87' lang='lat' dir='ltr'>non</span> <span class='ocrx_word' id='word_1_156' title='bbox 649 2406 731 2460; x_wconf 86' lang='lat' dir='ltr'>solum</span> <span class='ocrx_word' id='word_1_157' title='bbox 743 2421 776 2459; x_wconf 80' lang='lat' dir='ltr'>ea</span> <span class='ocrx_word' id='word_1_158' title='bbox 787 2404 896 2469; x_wconf 80' lang='lat' dir='ltr'>iudeis,</span> <span class='ocrx_word' id='word_1_159' title='bbox 911 2406 978 2459; x_wconf 86' lang='lat' dir='ltr'>sicut</span> <span class='ocrx_word' id='word_1_160' title='bbox 986 2404 1063 2472; x_wconf 92' lang='lat' dir='ltr'>dicit;</span> <span class='ocrx_word' id='word_1_161' title='bbox 1074 2405 1119 2459; x_wconf 83' lang='lat' dir='ltr'>sed</span> 
     </span>
     <span class='ocr_line' id='line_1_21' title="bbox 327 2494 1119 2565; baseline 0 -15"><span class='ocrx_word' id='word_1_162' title='bbox 327 2496 398 2550; x_wconf 74' lang='lat' dir='ltr'>otiam</span> <span class='ocrx_word' id='word_1_163' title='bbox 410 2511 444 2550; x_wconf 78' lang='lat' dir='ltr'>ee</span> <span class='ocrx_word' id='word_1_164' title='bbox 456 2494 587 2561; x_wconf 77' lang='lat' dir='ltr'>Gentibus,</span> <span class='ocrx_word' id='word_1_165' title='bbox 605 2503 713 2565; x_wconf 90' lang='lat' dir='ltr'>propter</span> <span class='ocrx_word' id='word_1_166' title='bbox 725 2495 796 2564; x_wconf 85' lang='lat' dir='ltr'>quad</span> <span class='ocrx_word' id='word_1_167' title='bbox 808 2496 881 2564; x_wconf 89' lang='lat' dir='ltr'>ponit</span> <span class='ocrx_word' id='word_1_168' title='bbox 895 2495 1075 2550; x_wconf 89' lang='lat' dir='ltr'>testimoninm</span> <span class='ocrx_word' id='word_1_169' title='bbox 1086 2495 1119 2551; x_wconf 90' lang='lat' dir='ltr'>de</span> 
     </span>
     <span class='ocr_line' id='line_1_22' title="bbox 326 2584 1120 2657; baseline -0.005 -15"><span class='ocrx_word' id='word_1_170' title='bbox 326 2585 543 2657; x_wconf 80' lang='lat' dir='ltr'>dseeproplreta,</span> <span class='ocrx_word' id='word_1_171' title='bbox 557 2585 650 2640; x_wconf 77' lang='lat' dir='ltr'>Voconi</span> <span class='ocrx_word' id='word_1_172' title='bbox 658 2602 707 2639; x_wconf 88' lang='lat' dir='ltr'>non</span> <span class='ocrx_word' id='word_1_173' title='bbox 716 2584 812 2657; x_wconf 79' lang='lat' dir='ltr'>piebem</span> <span class='ocrx_word' id='word_1_174' title='bbox 820 2603 910 2654; x_wconf 84' lang='lat' dir='ltr'>meant,</span> <span class='ocrx_word' id='word_1_175' title='bbox 920 2587 1016 2655; x_wconf 77' lang='lat' dir='ltr'>piebem</span> <span class='ocrx_word' id='word_1_176' title='bbox 1027 2601 1120 2650; x_wconf 70' lang='lat' dir='ltr'>meone·</span> 
     </span>
     <span class='ocr_line' id='line_1_23' title="bbox 326 2668 1120 2749; baseline -0.004 -14"><span class='ocrx_word' id='word_1_177' title='bbox 326 2688 352 2735; x_wconf 81' lang='lat' dir='ltr'>et</span> <span class='ocrx_word' id='word_1_178' title='bbox 363 2679 399 2734; x_wconf 89' lang='lat' dir='ltr'>de</span> <span class='ocrx_word' id='word_1_179' title='bbox 407 2668 493 2745; x_wconf 86' lang='lat' dir='ltr'>isaia,</span> <span class='ocrx_word' id='word_1_180' title='bbox 506 2677 618 2749; x_wconf 78' lang='lat' dir='ltr'>Propter</span> <span class='ocrx_word' id='word_1_181' title='bbox 632 2675 715 2733; x_wconf 87' lang='lat' dir='ltr'>lsroci</span> <span class='ocrx_word' id='word_1_182' title='bbox 728 2676 842 2747; x_wconf 76' lang='lat' dir='ltr'>reliquie</span> <span class='ocrx_word' id='word_1_183' title='bbox 854 2678 931 2731; x_wconf 85' lang='lat' dir='ltr'>soirur</span> <span class='ocrx_word' id='word_1_184' title='bbox 943 2678 1014 2747; x_wconf 77' lang='lat' dir='ltr'>fient.</span> <span class='ocrx_word' id='word_1_185' title='bbox 1030 2675 1065 2732; x_wconf 91' lang='lat' dir='ltr'>Ut</span> <span class='ocrx_word' id='word_1_186' title='bbox 1078 2693 1120 2732; x_wconf 89' lang='lat' dir='ltr'>au·</span> 
     </span>
     <span class='ocr_line' id='line_1_24' title="bbox 327 2750 1119 2841; baseline -0.005 -14"><span class='ocrx_word' id='word_1_187' title='bbox 327 2779 378 2827; x_wconf 83' lang='lat' dir='ltr'>teat</span> <span class='ocrx_word' id='word_1_188' title='bbox 390 2780 485 2827; x_wconf 83' lang='lat' dir='ltr'>essent</span> <span class='ocrx_word' id='word_1_189' title='bbox 495 2770 554 2825; x_wconf 76' lang='lat' dir='ltr'>istae</span> <span class='ocrx_word' id='word_1_190' title='bbox 563 2768 694 2841; x_wconf 80' lang='lat' dir='ltr'>reliquiae,</span> <span class='ocrx_word' id='word_1_191' title='bbox 707 2769 791 2840; x_wconf 88' lang='lat' dir='ltr'>gratia</span> <span class='ocrx_word' id='word_1_192' title='bbox 806 2769 852 2824; x_wconf 83' lang='lat' dir='ltr'>liei</span> <span class='ocrx_word' id='word_1_193' title='bbox 867 2750 963 2822; x_wconf 84' lang='lat' dir='ltr'>laetum</span> <span class='ocrx_word' id='word_1_194' title='bbox 977 2785 1037 2824; x_wconf 86' lang='lat' dir='ltr'>esse</span> <span class='ocrx_word' id='word_1_195' title='bbox 1050 2770 1119 2824; x_wconf 88' lang='lat' dir='ltr'>testi·</span> 
     </span>
     <span class='ocr_line' id='line_1_25' title="bbox 326 2859 1118 2933; baseline -0.004 -16"><span class='ocrx_word' id='word_1_196' title='bbox 326 2864 413 2918; x_wconf 90' lang='lat' dir='ltr'>onio</span> <span class='ocrx_word' id='word_1_197' title='bbox 421 2869 551 2933; x_wconf 86' lang='lat' dir='ltr'>sequente</span> <span class='ocrx_word' id='word_1_198' title='bbox 561 2861 649 2928; x_wconf 87' lang='lat' dir='ltr'>docet,</span> <span class='ocrx_word' id='word_1_199' title='bbox 664 2875 712 2931; x_wconf 88' lang='lat' dir='ltr'>per</span> <span class='ocrx_word' id='word_1_200' title='bbox 721 2860 844 2916; x_wconf 83' lang='lat' dir='ltr'>eunidem</span> <span class='ocrx_word' id='word_1_201' title='bbox 860 2859 1016 2929; x_wconf 82' lang='lat' dir='ltr'>proplietam</span> <span class='ocrx_word' id='word_1_202' title='bbox 1032 2860 1118 2914; x_wconf 88' lang='lat' dir='ltr'>dicen·</span> 
     </span>
     <span class='ocr_line' id='line_1_26' title="bbox 326 2949 1115 3021; baseline -0.005 -13"><span class='ocrx_word' id='word_1_203' title='bbox 326 2960 388 3019; x_wconf 85' lang='lat' dir='ltr'>tem,</span> <span class='ocrx_word' id='word_1_204' title='bbox 414 2951 474 3006; x_wconf 85' lang='lat' dir='ltr'>Nisi</span> <span class='ocrx_word' id='word_1_205' title='bbox 496 2949 621 3006; x_wconf 70' lang='lat' dir='ltr'>Pontinus</span> <span class='ocrx_word' id='word_1_206' title='bbox 642 2950 747 3005; x_wconf 74' lang='lat' dir='ltr'>sabaotb</span> <span class='ocrx_word' id='word_1_207' title='bbox 769 2950 909 3021; x_wconf 72' lang='lat' dir='ltr'>reliquisset</span> <span class='ocrx_word' id='word_1_208' title='bbox 931 2949 1002 3005; x_wconf 89' lang='lat' dir='ltr'>nobis</span> <span class='ocrx_word' id='word_1_209' title='bbox 1023 2967 1115 3005; x_wconf 76' lang='lat' dir='ltr'>senten.</span> 
     </span>
     <span class='ocr_line' id='line_1_27' title="bbox 326 3041 1117 3112; baseline -0.004 -14"><span class='ocrx_word' id='word_1_210' title='bbox 326 3042 427 3098; x_wconf 78' lang='lat' dir='ltr'>deinde</span> <span class='ocrx_word' id='word_1_211' title='bbox 441 3042 556 3097; x_wconf 79' lang='lat' dir='ltr'>ostendit</span> <span class='ocrx_word' id='word_1_212' title='bbox 568 3041 667 3099; x_wconf 89' lang='lat' dir='ltr'>Gentes</span> <span class='ocrx_word' id='word_1_213' title='bbox 688 3057 721 3098; x_wconf 85' lang='grc' dir='ltr'>ιιι</span> <span class='ocrx_word' id='word_1_214' title='bbox 743 3042 795 3097; x_wconf 89' lang='lat' dir='ltr'>lide</span> <span class='ocrx_word' id='word_1_215' title='bbox 808 3041 1017 3112; x_wconf 75' lang='lat' dir='ltr'>apprehendisse</span> <span class='ocrx_word' id='word_1_216' title='bbox 1036 3041 1117 3110; x_wconf 84' lang='lat' dir='ltr'>justi·</span> 
     </span>
     <span class='ocr_line' id='line_1_28' title="bbox 326 3134 1117 3207; baseline 0.001 -17"><span class='ocrx_word' id='word_1_217' title='bbox 326 3135 406 3190; x_wconf 77' lang='lat' dir='ltr'>dam:</span> <span class='ocrx_word' id='word_1_218' title='bbox 420 3134 502 3190; x_wconf 83' lang='lat' dir='ltr'>lsrael</span> <span class='ocrx_word' id='word_1_219' title='bbox 515 3143 604 3190; x_wconf 83' lang='lat' dir='ltr'>autem</span> <span class='ocrx_word' id='word_1_220' title='bbox 620 3135 679 3190; x_wconf 91' lang='lat' dir='ltr'>ideo</span> <span class='ocrx_word' id='word_1_221' title='bbox 692 3151 743 3190; x_wconf 90' lang='lat' dir='ltr'>non</span> <span class='ocrx_word' id='word_1_222' title='bbox 756 3135 974 3205; x_wconf 82' lang='lat' dir='ltr'>apprehendisse,</span> <span class='ocrx_word' id='word_1_223' title='bbox 987 3138 1048 3207; x_wconf 83' lang='lat' dir='ltr'>quia</span> <span class='ocrx_word' id='word_1_224' title='bbox 1065 3154 1117 3191; x_wconf 83' lang='lat' dir='ltr'>tion</span> 
     </span>
     <span class='ocr_line' id='line_1_29' title="bbox 326 3225 1115 3298; baseline 0 -16"><span class='ocrx_word' id='word_1_225' title='bbox 326 3235 357 3282; x_wconf 80' lang='lat' dir='ltr'>ex</span> <span class='ocrx_word' id='word_1_226' title='bbox 371 3226 433 3292; x_wconf 79' lang='lat' dir='ltr'>nde,</span> <span class='ocrx_word' id='word_1_227' title='bbox 453 3225 501 3281; x_wconf 88' lang='lat' dir='ltr'>sed</span> <span class='ocrx_word' id='word_1_228' title='bbox 514 3235 638 3298; x_wconf 70' lang='lat' dir='ltr'>unquam</span> <span class='ocrx_word' id='word_1_229' title='bbox 652 3243 685 3282; x_wconf 82' lang='grc' dir='ltr'>ιι</span> <span class='ocrx_word' id='word_1_230' title='bbox 699 3229 834 3297; x_wconf 85' lang='lat' dir='ltr'>operibus.</span> <span class='ocrx_word' id='word_1_231' title='bbox 849 3227 929 3284; x_wconf 81' lang='lat' dir='ltr'>Fides</span> <span class='ocrx_word' id='word_1_232' title='bbox 941 3229 1012 3283; x_wconf 89' lang='lat' dir='ltr'>enim</span> <span class='ocrx_word' id='word_1_233' title='bbox 1026 3227 1115 3293; x_wconf 85' lang='lat' dir='ltr'>babet,</span> 
     </span>
     <span class='ocr_line' id='line_1_30' title="bbox 325 3318 1116 3392; baseline -0.003 -17"><span class='ocrx_word' id='word_1_234' title='bbox 325 3319 394 3389; x_wconf 74' lang='lat' dir='ltr'>guod</span> <span class='ocrx_word' id='word_1_235' title='bbox 403 3318 548 3391; x_wconf 85' lang='lat' dir='ltr'>aliqnando</span> <span class='ocrx_word' id='word_1_236' title='bbox 558 3327 618 3390; x_wconf 86' lang='lat' dir='ltr'>post</span> <span class='ocrx_word' id='word_1_237' title='bbox 631 3319 711 3375; x_wconf 90' lang='lat' dir='ltr'>dicit:</span> <span class='ocrx_word' id='word_1_238' title='bbox 724 3318 850 3385; x_wconf 82' lang='lat' dir='ltr'>Qtront&#39;dm</span> <span class='ocrx_word' id='word_1_239' title='bbox 862 3322 943 3379; x_wconf 76' lang='lat' dir='ltr'>ornauit</span> <span class='ocrx_word' id='word_1_240' title='bbox 958 3321 1001 3392; x_wconf 77' lang='lat' dir='ltr'>qut</span> <span class='ocrx_word' id='word_1_241' title='bbox 1015 3322 1116 3375; x_wconf 84' lang='lat' dir='ltr'>inrora-</span> 
     </span>
     <span class='ocr_line' id='line_1_31' title="bbox 326 3408 1119 3483; baseline 0.003 -19"><span class='ocrx_word' id='word_1_242' title='bbox 326 3409 387 3464; x_wconf 79' lang='lat' dir='ltr'>terit</span> <span class='ocrx_word' id='word_1_243' title='bbox 396 3426 489 3465; x_wconf 86' lang='lat' dir='ltr'>nomen</span> <span class='ocrx_word' id='word_1_244' title='bbox 501 3408 615 3477; x_wconf 82' lang='lat' dir='ltr'>Domini,</span> <span class='ocrx_word' id='word_1_245' title='bbox 629 3410 714 3466; x_wconf 84' lang='lat' dir='ltr'>soiout</span> <span class='ocrx_word' id='word_1_246' title='bbox 724 3411 779 3466; x_wconf 88' lang='lat' dir='ltr'>erit.</span> <span class='ocrx_word' id='word_1_247' title='bbox 793 3413 834 3469; x_wconf 80' lang='lat' dir='ltr'>td</span> <span class='ocrx_word' id='word_1_248' title='bbox 844 3428 923 3483; x_wconf 68' lang='lat' dir='ltr'>apuam</span> <span class='ocrx_word' id='word_1_249' title='bbox 935 3412 1047 3468; x_wconf 88' lang='lat' dir='ltr'>salntem</span> <span class='ocrx_word' id='word_1_250' title='bbox 1059 3427 1119 3482; x_wconf 93' lang='lat' dir='ltr'>per·</span> 
     </span>
     <span class='ocr_line' id='line_1_32' title="bbox 285 3499 1116 3572; baseline 0.006 -22"><span class='ocrx_word' id='word_1_251' title='bbox 285 3534 290 3550; x_wconf 92' lang='lat'>.</span> <span class='ocrx_word' id='word_1_252' title='bbox 328 3499 402 3568; x_wconf 89' lang='lat' dir='ltr'>tinet,</span> <span class='ocrx_word' id='word_1_253' title='bbox 416 3510 447 3556; x_wconf 93' lang='lat' dir='ltr'>ut</span> <span class='ocrx_word' id='word_1_254' title='bbox 460 3515 540 3571; x_wconf 88' lang='lat' dir='ltr'>opera</span> <span class='ocrx_word' id='word_1_255' title='bbox 564 3502 632 3555; x_wconf 87' lang='lat' dir='ltr'>bona</span> <span class='ocrx_word' id='word_1_256' title='bbox 653 3511 680 3558; x_wconf 91' lang='lat' dir='ltr'>et</span> <span class='ocrx_word' id='word_1_257' title='bbox 698 3502 801 3572; x_wconf 75' lang='lat' dir='ltr'>institia</span> <span class='ocrx_word' id='word_1_258' title='bbox 825 3501 902 3559; x_wconf 71' lang='lat' dir='ltr'>nisibis</span> <span class='ocrx_word' id='word_1_259' title='bbox 916 3517 949 3557; x_wconf 85' lang='grc' dir='ltr'>ιι</span> <span class='ocrx_word' id='word_1_260' title='bbox 965 3502 1020 3556; x_wconf 85' lang='lat' dir='ltr'>lieo</span> <span class='ocrx_word' id='word_1_261' title='bbox 1034 3503 1116 3566; x_wconf 88' lang='lat' dir='ltr'>sint¹,</span> 
     </span>
     <span class='ocr_line' id='line_1_33' title="bbox 327 3591 1116 3665; baseline 0.005 -21"><span class='ocrx_word' id='word_1_262' title='bbox 327 3605 378 3644; x_wconf 84' lang='lat' dir='ltr'>nort</span> <span class='ocrx_word' id='word_1_263' title='bbox 391 3607 424 3645; x_wconf 86' lang='lat' dir='ltr'>ex</span> <span class='ocrx_word' id='word_1_264' title='bbox 440 3591 525 3646; x_wconf 88' lang='lat' dir='ltr'>nobis.</span> <span class='ocrx_word' id='word_1_265' title='bbox 543 3591 655 3662; x_wconf 81' lang='lat' dir='ltr'>Propter</span> <span class='ocrx_word' id='word_1_266' title='bbox 666 3592 748 3662; x_wconf 85' lang='lat' dir='ltr'>qttod,</span> <span class='ocrx_word' id='word_1_267' title='bbox 764 3591 797 3647; x_wconf 87' lang='lat' dir='ltr'>de</span> <span class='ocrx_word' id='word_1_268' title='bbox 817 3594 927 3665; x_wconf 83' lang='lat' dir='ltr'>illisqui</span> <span class='ocrx_word' id='word_1_269' title='bbox 943 3609 994 3648; x_wconf 89' lang='grc' dir='ltr'>ιιοιι</span> <span class='ocrx_word' id='word_1_270' title='bbox 1009 3609 1041 3648; x_wconf 87' lang='lat' dir='ltr'>cx</span> <span class='ocrx_word' id='word_1_271' title='bbox 1054 3592 1116 3656; x_wconf 84' lang='lat' dir='ltr'>side,</span> 
     </span>
     <span class='ocr_line' id='line_1_34' title="bbox 327 3680 1119 3753; baseline 0.001 -17"><span class='ocrx_word' id='word_1_272' title='bbox 327 3680 371 3736; x_wconf 83' lang='lat' dir='ltr'>ted</span> <span class='ocrx_word' id='word_1_273' title='bbox 386 3690 512 3750; x_wconf 80' lang='lat' dir='ltr'>tartonam</span> <span class='ocrx_word' id='word_1_274' title='bbox 527 3697 559 3736; x_wconf 83' lang='lat' dir='ltr'>er</span> <span class='ocrx_word' id='word_1_275' title='bbox 572 3683 697 3753; x_wconf 87' lang='lat' dir='ltr'>operibus</span> <span class='ocrx_word' id='word_1_276' title='bbox 715 3682 884 3738; x_wconf 83' lang='lat' dir='ltr'>oliendernnt</span> <span class='ocrx_word' id='word_1_277' title='bbox 897 3684 923 3738; x_wconf 91' lang='lat' dir='ltr'>in</span> <span class='ocrx_word' id='word_1_278' title='bbox 939 3683 1054 3753; x_wconf 83' lang='lat' dir='ltr'>lapidem</span> <span class='ocrx_word' id='word_1_279' title='bbox 1078 3682 1119 3737; x_wconf 91' lang='lat' dir='ltr'>ol·</span> 
     </span>
     <span class='ocr_line' id='line_1_35' title="bbox 327 3757 1118 3844; baseline 0.009 -19"><span class='ocrx_word' id='word_1_280' title='bbox 327 3772 466 3839; x_wconf 79' lang='lat' dir='ltr'>tensionis,</span> <span class='ocrx_word' id='word_1_281' title='bbox 481 3774 611 3844; x_wconf 84' lang='lat' dir='ltr'>sequitur,</span> <span class='ocrx_word' id='word_1_282' title='bbox 634 3781 662 3829; x_wconf 91' lang='lat' dir='ltr'>et</span> <span class='ocrx_word' id='word_1_283' title='bbox 684 3774 749 3828; x_wconf 91' lang='lat' dir='ltr'>dicit</span> <span class='ocrx_word' id='word_1_284' title='bbox 767 3793 774 3829; x_wconf 76' lang='grc' dir='ltr'><strong><em>ε</em></strong></span> <span class='ocrx_word' id='word_1_285' title='bbox 795 3757 911 3839; x_wconf 73' lang='lat' dir='ltr'>Fratres,¹</span> <span class='ocrx_word' id='word_1_286' title='bbox 926 3775 989 3829; x_wconf 88' lang='lat' dir='ltr'>boun</span> <span class='ocrx_word' id='word_1_287' title='bbox 1003 3776 1118 3832; x_wconf 83' lang='lat' dir='ltr'>aolrrmna</span> 
     </span>
     <span class='ocr_line' id='line_1_36' title="bbox 328 3864 1118 3936; baseline 0.008 -19"><span class='ocrx_word' id='word_1_288' title='bbox 328 3865 426 3933; x_wconf 73' lang='lat' dir='ltr'>pridem</span> <span class='ocrx_word' id='word_1_289' title='bbox 440 3864 523 3918; x_wconf 85' lang='lat' dir='ltr'>cordis</span> <span class='ocrx_word' id='word_1_290' title='bbox 535 3865 594 3932; x_wconf 86' lang='lat' dir='ltr'>mei,</span> <span class='ocrx_word' id='word_1_291' title='bbox 610 3872 633 3918; x_wconf 92' lang='lat' dir='ltr'>et</span> <span class='ocrx_word' id='word_1_292' title='bbox 651 3865 793 3936; x_wconf 80' lang='lat' dir='ltr'>deprecatio</span> <span class='ocrx_word' id='word_1_293' title='bbox 808 3865 843 3919; x_wconf 87' lang='lat' dir='ltr'>od</span> <span class='ocrx_word' id='word_1_294' title='bbox 855 3864 938 3920; x_wconf 87' lang='lat' dir='ltr'>Deum</span> <span class='ocrx_word' id='word_1_295' title='bbox 960 3883 1005 3935; x_wconf 92' lang='lat' dir='ltr'>pro</span> <span class='ocrx_word' id='word_1_296' title='bbox 1024 3867 1075 3921; x_wconf 85' lang='lat' dir='ltr'>iliis</span> <span class='ocrx_word' id='word_1_297' title='bbox 1092 3866 1118 3922; x_wconf 89' lang='lat' dir='ltr'>iu</span> 
     </span>
     <span class='ocr_line' id='line_1_37' title="bbox 327 3954 1118 4025; baseline 0.003 -17"><span class='ocrx_word' id='word_1_298' title='bbox 327 3954 432 4009; x_wconf 79' lang='lat' dir='ltr'>sulutem</span> <span class='ocrx_word' id='word_1_299' title='bbox 443 3971 454 4010; x_wconf 92' lang='lat'>.·</span> <span class='ocrx_word' id='word_1_300' title='bbox 466 3955 632 4010; x_wconf 83' lang='lat' dir='ltr'>testiinonium</span> <span class='ocrx_word' id='word_1_301' title='bbox 643 3956 709 4009; x_wconf 85' lang='lat' dir='ltr'>eninr</span> <span class='ocrx_word' id='word_1_302' title='bbox 720 3954 836 4024; x_wconf 77' lang='lat' dir='ltr'>perhibeo</span> <span class='ocrx_word' id='word_1_303' title='bbox 847 3956 897 4011; x_wconf 83' lang='lat' dir='ltr'>iiiia</span> <span class='ocrx_word' id='word_1_304' title='bbox 907 3957 966 4025; x_wconf 77' lang='lat' dir='ltr'>duic</span> <span class='ocrx_word' id='word_1_305' title='bbox 979 3956 1061 4011; x_wconf 76' lang='lat' dir='ltr'>seium</span> <span class='ocrx_word' id='word_1_306' title='bbox 1072 3956 1118 4010; x_wconf 86' lang='lat' dir='ltr'>Dei</span> 
     </span>
     <span class='ocr_line' id='line_1_38' title="bbox 327 4046 1119 4119; baseline 0 -18"><span class='ocrx_word' id='word_1_307' title='bbox 327 4047 428 4116; x_wconf 73' lang='lat' dir='ltr'>babent,</span> <span class='ocrx_word' id='word_1_308' title='bbox 443 4047 487 4102; x_wconf 89' lang='lat' dir='ltr'>sed</span> <span class='ocrx_word' id='word_1_309' title='bbox 501 4065 552 4102; x_wconf 89' lang='lat' dir='ltr'>non</span> <span class='ocrx_word' id='word_1_310' title='bbox 564 4047 701 4103; x_wconf 81' lang='lat' dir='ltr'>seeundum</span> <span class='ocrx_word' id='word_1_311' title='bbox 720 4048 859 4105; x_wconf 76' lang='lat' dir='ltr'>scienotiam.</span> <span class='ocrx_word' id='word_1_312' title='bbox 883 4046 1033 4119; x_wconf 83' lang='lat' dir='ltr'>lprroruntes</span> <span class='ocrx_word' id='word_1_313' title='bbox 1053 4049 1119 4101; x_wconf 91' lang='lat' dir='ltr'>enim</span> 
     </span>
     <span class='ocr_line' id='line_1_39' title="bbox 326 4138 1116 4211; baseline -0.004 -16"><span class='ocrx_word' id='word_1_314' title='bbox 326 4138 372 4195; x_wconf 75' lang='lat' dir='ltr'>oei</span> <span class='ocrx_word' id='word_1_315' title='bbox 384 4140 514 4210; x_wconf 79' lang='lat' dir='ltr'>justitium</span> <span class='ocrx_word' id='word_1_316' title='bbox 528 4149 551 4194; x_wconf 85' lang='lat' dir='ltr'>et</span> <span class='ocrx_word' id='word_1_317' title='bbox 565 4156 639 4194; x_wconf 87' lang='lat' dir='ltr'>suom</span> <span class='ocrx_word' id='word_1_318' title='bbox 652 4139 780 4211; x_wconf 76' lang='lat' dir='ltr'>justitiam</span> <span class='ocrx_word' id='word_1_319' title='bbox 799 4146 937 4209; x_wconf 77' lang='lat' dir='ltr'>querentes</span> <span class='ocrx_word' id='word_1_320' title='bbox 959 4139 1116 4203; x_wconf 86' lang='lat' dir='ltr'>constituere,</span> 
     </span>
     <span class='ocr_line' id='line_1_40' title="bbox 325 4228 1118 4303; baseline -0.003 -19"><span class='ocrx_word' id='word_1_321' title='bbox 325 4231 429 4300; x_wconf 72' lang='lat' dir='ltr'>justitie</span> <span class='ocrx_word' id='word_1_322' title='bbox 443 4228 490 4286; x_wconf 77' lang='lat' dir='ltr'>tro·</span> <span class='ocrx_word' id='word_1_323' title='bbox 503 4247 555 4285; x_wconf 85' lang='lat' dir='ltr'>nort</span> <span class='ocrx_word' id='word_1_324' title='bbox 573 4240 631 4284; x_wconf 85' lang='lat' dir='ltr'>surrt</span> <span class='ocrx_word' id='word_1_325' title='bbox 649 4229 755 4300; x_wconf 81' lang='lat' dir='ltr'>subjecti</span> <span class='ocrx_word' id='word_1_326' title='bbox 770 4229 857 4303; x_wconf 84' lang='lat' dir='ltr'>(iiorn.</span> <span class='ocrx_word' id='word_1_327' title='bbox 870 4246 907 4297; x_wconf 85' lang='lat' dir='ltr'>tx,</span> <span class='ocrx_word' id='word_1_328' title='bbox 923 4228 955 4293; x_wconf 72' lang='lat' dir='ltr'>m</span> <span class='ocrx_word' id='word_1_329' title='bbox 969 4244 1003 4292; x_wconf 82' lang='lat' dir='ltr'>x,</span> <span class='ocrx_word' id='word_1_330' title='bbox 1018 4230 1044 4295; x_wconf 73' lang='grc' dir='ltr'>ὅ,</span> <span class='ocrx_word' id='word_1_331' title='bbox 1062 4229 1118 4297; x_wconf 74' lang='lat' dir='ltr'>tt).</span> 
     </span>
     <span class='ocr_line' id='line_1_41' title="bbox 329 4319 1119 4391; baseline 0 -17"><span class='ocrx_word' id='word_1_332' title='bbox 329 4319 404 4390; x_wconf 79' lang='lat' dir='ltr'>Quod</span> <span class='ocrx_word' id='word_1_333' title='bbox 419 4321 528 4376; x_wconf 77' lang='lat' dir='ltr'>omnlino</span> <span class='ocrx_word' id='word_1_334' title='bbox 542 4330 569 4376; x_wconf 88' lang='lat' dir='ltr'>et</span> <span class='ocrx_word' id='word_1_335' title='bbox 581 4336 629 4377; x_wconf 89' lang='lat' dir='ltr'>ros</span> <span class='ocrx_word' id='word_1_336' title='bbox 639 4320 725 4376; x_wconf 86' lang='lat' dir='ltr'>iacitis</span> <span class='ocrx_word' id='word_1_337' title='bbox 735 4338 741 4374; x_wconf 76' lang='grc' dir='ltr'>ι</span> <span class='ocrx_word' id='word_1_338' title='bbox 753 4320 882 4391; x_wconf 79' lang='lat' dir='ltr'>justitiam</span> <span class='ocrx_word' id='word_1_339' title='bbox 892 4321 990 4390; x_wconf 78' lang='lat' dir='ltr'>quippe</span> <span class='ocrx_word' id='word_1_340' title='bbox 1003 4330 1119 4376; x_wconf 80' lang='lat' dir='ltr'>vestram</span> 
     </span>
     <span class='ocr_line' id='line_1_42' title="bbox 330 4411 1120 4478; baseline -0.005 -11"><span class='ocrx_word' id='word_1_341' title='bbox 330 4411 589 4478; x_wconf 82' lang='lat' dir='ltr'>tuitisconstituerc,</span> <span class='ocrx_word' id='word_1_342' title='bbox 599 4412 641 4468; x_wconf 90' lang='lat' dir='ltr'>cui</span> <span class='ocrx_word' id='word_1_343' title='bbox 650 4412 720 4468; x_wconf 83' lang='lat' dir='ltr'>[leus</span> <span class='ocrx_word' id='word_1_344' title='bbox 731 4411 876 4468; x_wconf 89' lang='lat' dir='ltr'>seeundum</span> <span class='ocrx_word' id='word_1_345' title='bbox 886 4411 980 4466; x_wconf 90' lang='lat' dir='ltr'>merita</span> <span class='ocrx_word' id='word_1_346' title='bbox 991 4411 1120 4465; x_wconf 88' lang='lat' dir='ltr'>retribuat</span> 
     </span>
     <span class='ocr_line' id='line_1_43' title="bbox 328 4501 1119 4575; baseline 0.001 -20"><span class='ocrx_word' id='word_1_347' title='bbox 328 4502 454 4571; x_wconf 86' lang='lat' dir='ltr'>gratiam;</span> <span class='ocrx_word' id='word_1_348' title='bbox 470 4518 519 4558; x_wconf 89' lang='lat' dir='ltr'>nec</span> <span class='ocrx_word' id='word_1_349' title='bbox 541 4504 619 4558; x_wconf 84' lang='lat' dir='ltr'>raltis</span> <span class='ocrx_word' id='word_1_350' title='bbox 631 4503 742 4575; x_wconf 87' lang='lat' dir='ltr'>gratiam</span> <span class='ocrx_word' id='word_1_351' title='bbox 757 4503 804 4558; x_wconf 85' lang='lat' dir='ltr'>Dei</span> <span class='ocrx_word' id='word_1_352' title='bbox 820 4501 982 4573; x_wconf 86' lang='lat' dir='ltr'>praecedere,</span> <span class='ocrx_word' id='word_1_353' title='bbox 999 4517 1059 4572; x_wconf 82' lang='lat' dir='ltr'>quai</span> <span class='ocrx_word' id='word_1_354' title='bbox 1072 4515 1119 4556; x_wconf 86' lang='lat' dir='ltr'>vos</span> 
     </span>
    </p>
   </div>
   <div class='ocr_carea' id='block_1_3' title="bbox 331 4631 1120 4757">
    <p class='ocr_par' dir='ltr' id='par_1_3' title="bbox 331 4631 1120 4757">
     <span class='ocr_line' id='line_1_44' title="bbox 358 4631 1120 4704; baseline 0.003 -21"><span class='ocrx_word' id='word_1_355' title='bbox 358 4633 455 4704; x_wconf 67' lang='lat' dir='ltr'>¹rditl,</span> <span class='ocrx_word' id='word_1_356' title='bbox 471 4638 498 4683; x_wconf 91' lang='lat' dir='ltr'>nt</span> <span class='ocrx_word' id='word_1_357' title='bbox 512 4645 587 4697; x_wconf 87' lang='lat' dir='ltr'>opero</span> <span class='ocrx_word' id='word_1_358' title='bbox 609 4632 671 4684; x_wconf 84' lang='lat' dir='ltr'>bonu</span> <span class='ocrx_word' id='word_1_359' title='bbox 689 4632 752 4694; x_wconf 73' lang='lat' dir='ltr'>dm.</span> <span class='ocrx_word' id='word_1_360' title='bbox 772 4637 796 4685; x_wconf 78' lang='grc' dir='ltr'>ιι</span> <span class='ocrx_word' id='word_1_361' title='bbox 811 4631 908 4697; x_wconf 71' lang='lat' dir='ltr'>rustitio</span> <span class='ocrx_word' id='word_1_362' title='bbox 927 4631 995 4684; x_wconf 72' lang='lat' dir='ltr'>noim</span> <span class='ocrx_word' id='word_1_363' title='bbox 1014 4643 1048 4684; x_wconf 78' lang='lat' dir='ltr'>cx</span> <span class='ocrx_word' id='word_1_364' title='bbox 1070 4641 1120 4685; x_wconf 81' lang='lat' dir='ltr'>Deo</span> 
     </span>
     <span class='ocr_line' id='line_1_45' title="bbox 331 4695 782 4757; baseline -0.007 -10"><span class='ocrx_word' id='word_1_365' title='bbox 331 4699 369 4747; x_wconf 72' lang='grc' dir='ltr'>ιι.</span> <span class='ocrx_word' id='word_1_366' title='bbox 383 4700 533 4757; x_wconf 78' lang='lat' dir='ltr'>castigantur</span> <span class='ocrx_word' id='word_1_367' title='bbox 550 4708 582 4745; x_wconf 84' lang='lat' dir='ltr'>ex</span> <span class='ocrx_word' id='word_1_368' title='bbox 598 4695 646 4747; x_wconf 83' lang='lat' dir='ltr'>itte</span> <span class='ocrx_word' id='word_1_369' title='bbox 663 4704 704 4746; x_wconf 78' lang='lat' dir='ltr'>its.</span> <span class='ocrx_word' id='word_1_370' title='bbox 719 4703 782 4747; x_wconf 76' lang='lat' dir='ltr'>Part.</span> 
     </span>
    </p>
   </div>
   <div class='ocr_carea' id='block_1_4' title="bbox 981 642 1288 721">
    <p class='ocr_par' dir='ltr' id='par_1_4' title="bbox 981 642 1288 721">
     <span class='ocr_line' id='line_1_46' title="bbox 981 642 1288 721; baseline -0.007 -19"><span class='ocrx_word' id='word_1_371' title='bbox 981 642 1288 721; x_wconf 75' lang='lat' dir='ltr'>nrannseeunoos</span> 
     </span>
    </p>
   </div>
   <div class='ocr_carea' id='block_1_5' title="bbox 1899 646 1969 704">
    <p class='ocr_par' dir='ltr' id='par_1_5' title="bbox 1899 646 1969 704">
     <span class='ocr_line' id='line_1_47' title="bbox 1899 646 1969 704; baseline -0.014 -1"><span class='ocrx_word' id='word_1_372' title='bbox 1899 646 1969 704; x_wconf 70' lang='lat' dir='ltr'>tlte</span> 
     </span>
    </p>
   </div>
   <div class='ocr_carea' id='block_1_6' title="bbox 1170 759 1979 2753">
    <p class='ocr_par' dir='ltr' id='par_1_6' title="bbox 1170 759 1979 2753">
     <span class='ocr_line' id='line_1_48' title="bbox 1173 759 1969 832; baseline -0.001 -17"><span class='ocrx_word' id='word_1_373' title='bbox 1173 760 1253 816; x_wconf 85' lang='lat' dir='ltr'>iaciat</span> <span class='ocrx_word' id='word_1_374' title='bbox 1265 761 1362 816; x_wconf 80' lang='lat' dir='ltr'>trabere</span> <span class='ocrx_word' id='word_1_375' title='bbox 1372 759 1512 832; x_wconf 82' lang='lat' dir='ltr'>justitiam.</span> <span class='ocrx_word' id='word_1_376' title='bbox 1529 759 1629 817; x_wconf 81' lang='lat' dir='ltr'>deinde</span> <span class='ocrx_word' id='word_1_377' title='bbox 1641 773 1760 816; x_wconf 81' lang='lat' dir='ltr'>connexa</span> <span class='ocrx_word' id='word_1_378' title='bbox 1775 760 1883 816; x_wconf 85' lang='lat' dir='ltr'>sibimet</span> <span class='ocrx_word' id='word_1_379' title='bbox 1897 761 1969 814; x_wconf 88' lang='lat' dir='ltr'>serie</span> 
     </span>
     <span class='ocr_line' id='line_1_49' title="bbox 1173 850 1966 923; baseline -0.005 -16"><span class='ocrx_word' id='word_1_380' title='bbox 1173 853 1368 922; x_wconf 82' lang='lat' dir='ltr'>disputationis,</span> <span class='ocrx_word' id='word_1_381' title='bbox 1393 854 1425 907; x_wconf 89' lang='lat' dir='ltr'>ad</span> <span class='ocrx_word' id='word_1_382' title='bbox 1449 853 1514 908; x_wconf 86' lang='lat' dir='ltr'>illud</span> <span class='ocrx_word' id='word_1_383' title='bbox 1533 851 1786 923; x_wconf 59' lang='lat' dir='ltr'>pervenientium,</span> <span class='ocrx_word' id='word_1_384' title='bbox 1809 850 1874 905; x_wconf 80' lang='lat' dir='ltr'>Dico</span> <span class='ocrx_word' id='word_1_385' title='bbox 1895 867 1966 920; x_wconf 75' lang='lat' dir='ltr'>erga,</span> 
     </span>
     <span class='ocr_line' id='line_1_50' title="bbox 1174 941 1968 1016; baseline -0.005 -19"><span class='ocrx_word' id='word_1_386' title='bbox 1174 942 1306 1011; x_wconf 80' lang='lat' dir='ltr'>Numquid</span> <span class='ocrx_word' id='word_1_387' title='bbox 1329 945 1421 1013; x_wconf 86' lang='lat' dir='ltr'>repulit</span> <span class='ocrx_word' id='word_1_388' title='bbox 1441 942 1512 998; x_wconf 81' lang='lat' dir='ltr'>Deus</span> <span class='ocrx_word' id='word_1_389' title='bbox 1536 942 1632 1013; x_wconf 88' lang='lat' dir='ltr'>piebem</span> <span class='ocrx_word' id='word_1_390' title='bbox 1652 942 1744 999; x_wconf 79' lang='lat' dir='ltr'>suunt?</span> <span class='ocrx_word' id='word_1_391' title='bbox 1759 941 1833 1016; x_wconf 75' lang='lat' dir='ltr'>Absit</span> <span class='ocrx_word' id='word_1_392' title='bbox 1847 957 1857 996; x_wconf 77' lang='lat' dir='ltr'>r</span> <span class='ocrx_word' id='word_1_393' title='bbox 1870 956 1929 995; x_wconf 82' lang='grc' dir='ltr'>ιιιιι</span> <span class='ocrx_word' id='word_1_394' title='bbox 1944 950 1968 994; x_wconf 86' lang='grc' dir='ltr'>ιι</span> 
     </span>
     <span class='ocr_line' id='line_1_51' title="bbox 1172 1030 1970 1106; baseline -0.005 -19"><span class='ocrx_word' id='word_1_395' title='bbox 1172 1050 1217 1106; x_wconf 80' lang='lat' dir='ltr'>epo</span> <span class='ocrx_word' id='word_1_396' title='bbox 1232 1031 1350 1089; x_wconf 83' lang='lat' dir='ltr'>israelita</span> <span class='ocrx_word' id='word_1_397' title='bbox 1363 1051 1431 1101; x_wconf 90' lang='lat' dir='ltr'>sum,</span> <span class='ocrx_word' id='word_1_398' title='bbox 1444 1051 1475 1089; x_wconf 80' lang='lat' dir='ltr'>er</span> <span class='ocrx_word' id='word_1_399' title='bbox 1487 1035 1581 1090; x_wconf 86' lang='lat' dir='ltr'>semine</span> <span class='ocrx_word' id='word_1_400' title='bbox 1594 1033 1732 1099; x_wconf 79' lang='lat' dir='ltr'>dimiserit,</span> <span class='ocrx_word' id='word_1_401' title='bbox 1748 1048 1780 1087; x_wconf 77' lang='lat' dir='ltr'>eat</span> <span class='ocrx_word' id='word_1_402' title='bbox 1795 1031 1862 1086; x_wconf 82' lang='lat' dir='ltr'>tribes</span> <span class='ocrx_word' id='word_1_403' title='bbox 1875 1030 1970 1099; x_wconf 79' lang='lat' dir='ltr'>Benia-</span> 
     </span>
     <span class='ocr_line' id='line_1_52' title="bbox 1172 1124 1964 1198; baseline -0.001 -21"><span class='ocrx_word' id='word_1_404' title='bbox 1172 1126 1245 1182; x_wconf 78' lang='lat' dir='ltr'>utin:</span> <span class='ocrx_word' id='word_1_405' title='bbox 1258 1127 1413 1196; x_wconf 83' lang='lat' dir='ltr'>nonrepuiit</span> <span class='ocrx_word' id='word_1_406' title='bbox 1433 1126 1500 1181; x_wconf 82' lang='lat' dir='ltr'>ileus</span> <span class='ocrx_word' id='word_1_407' title='bbox 1521 1126 1615 1195; x_wconf 84' lang='lat' dir='ltr'>piebem</span> <span class='ocrx_word' id='word_1_408' title='bbox 1634 1143 1716 1191; x_wconf 82' lang='lat' dir='ltr'>suom,</span> <span class='ocrx_word' id='word_1_409' title='bbox 1732 1142 1807 1198; x_wconf 75' lang='lat' dir='ltr'>quoru</span> <span class='ocrx_word' id='word_1_410' title='bbox 1828 1124 1964 1192; x_wconf 76' lang='lat' dir='ltr'>prescivit,</span> 
     </span>
     <span class='ocr_line' id='line_1_53' title="bbox 1172 1216 1963 1291; baseline -0.01 -16"><span class='ocrx_word' id='word_1_411' title='bbox 1172 1222 1212 1275; x_wconf 84' lang='lat' dir='ltr'>dn</span> <span class='ocrx_word' id='word_1_412' title='bbox 1224 1222 1325 1275; x_wconf 60' lang='lat' dir='ltr'>necitis</span> <span class='ocrx_word' id='word_1_413' title='bbox 1335 1222 1361 1274; x_wconf 85' lang='lat' dir='ltr'>iu</span> <span class='ocrx_word' id='word_1_414' title='bbox 1374 1221 1432 1275; x_wconf 81' lang='lat' dir='ltr'>Elio</span> <span class='ocrx_word' id='word_1_415' title='bbox 1443 1220 1504 1291; x_wconf 83' lang='lat' dir='ltr'>pttid</span> <span class='ocrx_word' id='word_1_416' title='bbox 1513 1219 1574 1273; x_wconf 82' lang='lat' dir='ltr'>dicit</span> <span class='ocrx_word' id='word_1_417' title='bbox 1592 1219 1737 1288; x_wconf 83' lang='lat' dir='ltr'>Scriptum,</span> <span class='ocrx_word' id='word_1_418' title='bbox 1752 1216 1963 1287; x_wconf 85' lang='lat' dir='ltr'>quemudmorimn</span> 
     </span>
     <span class='ocr_line' id='line_1_54' title="bbox 1172 1308 1965 1385; baseline -0.009 -19"><span class='ocrx_word' id='word_1_419' title='bbox 1172 1314 1316 1385; x_wconf 87' lang='lat' dir='ltr'>interpellat</span> <span class='ocrx_word' id='word_1_420' title='bbox 1330 1311 1411 1367; x_wconf 83' lang='lat' dir='ltr'>Deum</span> <span class='ocrx_word' id='word_1_421' title='bbox 1425 1313 1545 1367; x_wconf 81' lang='lat' dir='ltr'>aduersus</span> <span class='ocrx_word' id='word_1_422' title='bbox 1562 1311 1665 1366; x_wconf 81' lang='lat' dir='ltr'>lsrael?</span> <span class='ocrx_word' id='word_1_423' title='bbox 1689 1310 1807 1374; x_wconf 83' lang='lat' dir='ltr'>Domine,</span> <span class='ocrx_word' id='word_1_424' title='bbox 1829 1308 1965 1379; x_wconf 75' lang='lat' dir='ltr'>propbetas</span> 
     </span>
     <span class='ocr_line' id='line_1_55' title="bbox 1173 1389 1965 1471; baseline -0.01 -15"><span class='ocrx_word' id='word_1_425' title='bbox 1173 1413 1229 1459; x_wconf 85' lang='lat' dir='ltr'>tuos</span> <span class='ocrx_word' id='word_1_426' title='bbox 1238 1405 1392 1470; x_wconf 71' lang='lat' dir='ltr'>uenderent,</span> <span class='ocrx_word' id='word_1_427' title='bbox 1404 1414 1427 1458; x_wconf 85' lang='lat' dir='ltr'>et</span> <span class='ocrx_word' id='word_1_428' title='bbox 1435 1403 1526 1458; x_wconf 85' lang='lat' dir='ltr'>eitarie</span> <span class='ocrx_word' id='word_1_429' title='bbox 1537 1412 1581 1456; x_wconf 89' lang='lat' dir='ltr'>tuo</span> <span class='ocrx_word' id='word_1_430' title='bbox 1593 1400 1761 1468; x_wconf 68' lang='lat' dir='ltr'>suffoderunt,</span> <span class='ocrx_word' id='word_1_431' title='bbox 1773 1409 1794 1454; x_wconf 84' lang='lat' dir='ltr'>et</span> <span class='ocrx_word' id='word_1_432' title='bbox 1805 1416 1850 1471; x_wconf 83' lang='lat' dir='ltr'>epo</span> <span class='ocrx_word' id='word_1_433' title='bbox 1863 1389 1965 1452; x_wconf 76' lang='lat' dir='ltr'>irbietrrs</span> 
     </span>
     <span class='ocr_line' id='line_1_56' title="bbox 1171 1488 1966 1566; baseline -0.014 -15"><span class='ocrx_word' id='word_1_434' title='bbox 1171 1512 1228 1551; x_wconf 84' lang='lat' dir='ltr'>tum</span> <span class='ocrx_word' id='word_1_435' title='bbox 1242 1497 1320 1563; x_wconf 85' lang='lat' dir='ltr'>seins,</span> <span class='ocrx_word' id='word_1_436' title='bbox 1335 1503 1359 1550; x_wconf 88' lang='lat' dir='ltr'>et</span> <span class='ocrx_word' id='word_1_437' title='bbox 1372 1504 1487 1566; x_wconf 80' lang='lat' dir='ltr'>puerunt</span> <span class='ocrx_word' id='word_1_438' title='bbox 1501 1495 1613 1548; x_wconf 85' lang='lat' dir='ltr'>unimam</span> <span class='ocrx_word' id='word_1_439' title='bbox 1633 1508 1724 1546; x_wconf 82' lang='lat' dir='ltr'>meunt.</span> <span class='ocrx_word' id='word_1_440' title='bbox 1749 1489 1802 1544; x_wconf 86' lang='lat' dir='ltr'>Sed</span> <span class='ocrx_word' id='word_1_441' title='bbox 1821 1489 1883 1556; x_wconf 80' lang='lat' dir='ltr'>guid</span> <span class='ocrx_word' id='word_1_442' title='bbox 1906 1488 1966 1541; x_wconf 79' lang='lat' dir='ltr'>dicit</span> 
     </span>
     <span class='ocr_line' id='line_1_57' title="bbox 1171 1582 1966 1659; baseline -0.01 -19"><span class='ocrx_word' id='word_1_443' title='bbox 1171 1588 1211 1641; x_wconf 90' lang='lat' dir='ltr'>iiii</span> <span class='ocrx_word' id='word_1_444' title='bbox 1224 1603 1372 1659; x_wconf 85' lang='lat' dir='ltr'>responsum</span> <span class='ocrx_word' id='word_1_445' title='bbox 1384 1585 1515 1640; x_wconf 79' lang='lat' dir='ltr'>divinum?</span> <span class='ocrx_word' id='word_1_446' title='bbox 1531 1585 1631 1653; x_wconf 82' lang='lat' dir='ltr'>Reliqui</span> <span class='ocrx_word' id='word_1_447' title='bbox 1644 1585 1705 1638; x_wconf 86' lang='lat' dir='ltr'>mibi</span> <span class='ocrx_word' id='word_1_448' title='bbox 1725 1593 1819 1652; x_wconf 87' lang='lat' dir='ltr'>septem</span> <span class='ocrx_word' id='word_1_449' title='bbox 1834 1582 1915 1635; x_wconf 89' lang='lat' dir='ltr'>millio</span> <span class='ocrx_word' id='word_1_450' title='bbox 1929 1583 1966 1633; x_wconf 90' lang='lat' dir='ltr'>ri-</span> 
     </span>
     <span class='ocr_line' id='line_1_58' title="bbox 1171 1656 1965 1747; baseline -0.015 -14"><span class='ocrx_word' id='word_1_451' title='bbox 1171 1694 1268 1742; x_wconf 88' lang='lat' dir='ltr'>rorum,</span> <span class='ocrx_word' id='word_1_452' title='bbox 1284 1679 1327 1745; x_wconf 82' lang='lat' dir='ltr'>qni</span> <span class='ocrx_word' id='word_1_453' title='bbox 1336 1695 1386 1732; x_wconf 89' lang='lat' dir='ltr'>non</span> <span class='ocrx_word' id='word_1_454' title='bbox 1399 1684 1563 1732; x_wconf 81' lang='lat' dir='ltr'>cumooerunt</span> <span class='ocrx_word' id='word_1_455' title='bbox 1576 1691 1641 1747; x_wconf 84' lang='lat' dir='ltr'>penu</span> <span class='ocrx_word' id='word_1_456' title='bbox 1651 1672 1793 1728; x_wconf 84' lang='lat' dir='ltr'>orrteBooi.</span> <span class='ocrx_word' id='word_1_457' title='bbox 1809 1656 1927 1742; x_wconf 80' lang='lat' dir='ltr'>sicergo</span> <span class='ocrx_word' id='word_1_458' title='bbox 1943 1681 1965 1724; x_wconf 85' lang='lat' dir='ltr'>et</span> 
     </span>
     <span class='ocr_line' id='line_1_59' title="bbox 1172 1766 1966 1840; baseline -0.01 -16"><span class='ocrx_word' id='word_1_459' title='bbox 1172 1772 1199 1824; x_wconf 90' lang='lat' dir='ltr'>in</span> <span class='ocrx_word' id='word_1_460' title='bbox 1211 1772 1259 1825; x_wconf 87' lang='lat' dir='ltr'>doc</span> <span class='ocrx_word' id='word_1_461' title='bbox 1273 1779 1383 1840; x_wconf 88' lang='lat' dir='ltr'>tempore</span> <span class='ocrx_word' id='word_1_462' title='bbox 1400 1770 1514 1840; x_wconf 82' lang='lat' dir='ltr'>rriiqniec</span> <span class='ocrx_word' id='word_1_463' title='bbox 1535 1786 1579 1840; x_wconf 89' lang='lat' dir='ltr'>per</span> <span class='ocrx_word' id='word_1_464' title='bbox 1601 1768 1745 1822; x_wconf 84' lang='lat' dir='ltr'>eiectionem</span> <span class='ocrx_word' id='word_1_465' title='bbox 1767 1766 1875 1838; x_wconf 77' lang='lat' dir='ltr'>pretio:¹</span> <span class='ocrx_word' id='word_1_466' title='bbox 1892 1768 1966 1835; x_wconf 66' lang='lat' dir='ltr'>[urire</span> 
     </span>
     <span class='ocr_line' id='line_1_60' title="bbox 1171 1857 1964 1932; baseline -0.011 -15"><span class='ocrx_word' id='word_1_467' title='bbox 1171 1871 1239 1917; x_wconf 83' lang='lat' dir='ltr'>sunt.</span> <span class='ocrx_word' id='word_1_468' title='bbox 1255 1863 1285 1916; x_wconf 88' lang='lat' dir='ltr'>Si</span> <span class='ocrx_word' id='word_1_469' title='bbox 1299 1872 1383 1915; x_wconf 83' lang='lat' dir='ltr'>autem</span> <span class='ocrx_word' id='word_1_470' title='bbox 1404 1862 1496 1932; x_wconf 83' lang='lat' dir='ltr'>gratio,</span> <span class='ocrx_word' id='word_1_471' title='bbox 1516 1862 1573 1928; x_wconf 77' lang='lat' dir='ltr'>ium</span> <span class='ocrx_word' id='word_1_472' title='bbox 1587 1876 1638 1914; x_wconf 87' lang='lat' dir='ltr'>nou</span> <span class='ocrx_word' id='word_1_473' title='bbox 1651 1875 1683 1914; x_wconf 77' lang='lat' dir='ltr'>er</span> <span class='ocrx_word' id='word_1_474' title='bbox 1701 1859 1837 1926; x_wconf 86' lang='lat' dir='ltr'>operibus,·</span> <span class='ocrx_word' id='word_1_475' title='bbox 1850 1857 1964 1923; x_wconf 80' lang='lat' dir='ltr'>alioquin</span> 
     </span>
     <span class='ocr_line' id='line_1_61' title="bbox 1171 1950 1964 2025; baseline -0.005 -20"><span class='ocrx_word' id='word_1_476' title='bbox 1171 1954 1255 2024; x_wconf 82' lang='lat' dir='ltr'>pretio</span> <span class='ocrx_word' id='word_1_477' title='bbox 1264 1953 1322 2025; x_wconf 75' lang='lat' dir='ltr'>jam</span> <span class='ocrx_word' id='word_1_478' title='bbox 1336 1970 1386 2008; x_wconf 86' lang='lat' dir='ltr'>non</span> <span class='ocrx_word' id='word_1_479' title='bbox 1401 1962 1437 2008; x_wconf 85' lang='lat' dir='ltr'>est</span> <span class='ocrx_word' id='word_1_480' title='bbox 1453 1954 1545 2023; x_wconf 85' lang='lat' dir='ltr'>pretio.</span> <span class='ocrx_word' id='word_1_481' title='bbox 1562 1952 1662 2007; x_wconf 84' lang='lat' dir='ltr'>Deinde</span> <span class='ocrx_word' id='word_1_482' title='bbox 1677 1952 1737 2006; x_wconf 84' lang='lat' dir='ltr'>ride</span> <span class='ocrx_word' id='word_1_483' title='bbox 1750 1951 1813 2020; x_wconf 78' lang='lat' dir='ltr'>nidd</span> <span class='ocrx_word' id='word_1_484' title='bbox 1826 1950 1964 2018; x_wconf 78' lang='lat' dir='ltr'>adjungat.</span> 
     </span>
     <span class='ocr_line' id='line_1_62' title="bbox 1173 2041 1964 2115; baseline -0.009 -17"><span class='ocrx_word' id='word_1_485' title='bbox 1173 2043 1242 2108; x_wconf 75' lang='lat' dir='ltr'>Quid</span> <span class='ocrx_word' id='word_1_486' title='bbox 1256 2061 1325 2115; x_wconf 83' lang='lat' dir='ltr'>erpo,</span> <span class='ocrx_word' id='word_1_487' title='bbox 1338 2045 1440 2114; x_wconf 79' lang='lat' dir='ltr'>inquit?</span> <span class='ocrx_word' id='word_1_488' title='bbox 1450 2043 1525 2111; x_wconf 83' lang='lat' dir='ltr'>Quod</span> <span class='ocrx_word' id='word_1_489' title='bbox 1546 2046 1671 2112; x_wconf 83' lang='lat' dir='ltr'>quoerebut</span> <span class='ocrx_word' id='word_1_490' title='bbox 1695 2042 1788 2107; x_wconf 86' lang='lat' dir='ltr'>isreel,</span> <span class='ocrx_word' id='word_1_491' title='bbox 1804 2041 1851 2094; x_wconf 89' lang='lat' dir='ltr'>itoc</span> <span class='ocrx_word' id='word_1_492' title='bbox 1863 2056 1913 2093; x_wconf 82' lang='lat' dir='ltr'>nort</span> <span class='ocrx_word' id='word_1_493' title='bbox 1928 2049 1964 2092; x_wconf 84' lang='lat' dir='ltr'>est</span> 
     </span>
     <span class='ocr_line' id='line_1_63' title="bbox 1171 2131 1964 2200; baseline -0.008 -9"><span class='ocrx_word' id='word_1_494' title='bbox 1171 2147 1318 2191; x_wconf 78' lang='lat' dir='ltr'>conmeatus</span> <span class='ocrx_word' id='word_1_495' title='bbox 1328 2154 1337 2189; x_wconf 93' lang='grc'>.·</span> <span class='ocrx_word' id='word_1_496' title='bbox 1348 2137 1435 2191; x_wconf 83' lang='lat' dir='ltr'>eiectio</span> <span class='ocrx_word' id='word_1_497' title='bbox 1453 2145 1538 2189; x_wconf 86' lang='lat' dir='ltr'>nutem</span> <span class='ocrx_word' id='word_1_498' title='bbox 1550 2144 1685 2189; x_wconf 84' lang='lat' dir='ltr'>corrsecuto</span> <span class='ocrx_word' id='word_1_499' title='bbox 1705 2143 1751 2188; x_wconf 83' lang='lat' dir='ltr'>est.</span> <span class='ocrx_word' id='word_1_500' title='bbox 1774 2131 1964 2200; x_wconf 72' lang='lat' dir='ltr'>sedunens</span> 
     </span>
     <span class='ocr_line' id='line_1_64' title="bbox 1170 2223 1966 2298; baseline -0.01 -15"><span class='ocrx_word' id='word_1_501' title='bbox 1170 2229 1275 2298; x_wconf 86' lang='lat' dir='ltr'>respice</span> <span class='ocrx_word' id='word_1_502' title='bbox 1286 2229 1371 2298; x_wconf 85' lang='lat' dir='ltr'>qualis</span> <span class='ocrx_word' id='word_1_503' title='bbox 1382 2228 1487 2292; x_wconf 86' lang='lat' dir='ltr'>eiectio,</span> <span class='ocrx_word' id='word_1_504' title='bbox 1502 2227 1545 2282; x_wconf 80' lang='lat' dir='ltr'>tilii</span> <span class='ocrx_word' id='word_1_505' title='bbox 1560 2228 1612 2281; x_wconf 90' lang='lat' dir='ltr'>ait:</span> <span class='ocrx_word' id='word_1_506' title='bbox 1626 2226 1747 2291; x_wconf 74' lang='lat' dir='ltr'>Reliquiae</span> <span class='ocrx_word' id='word_1_507' title='bbox 1761 2241 1806 2295; x_wconf 87' lang='lat' dir='ltr'>per</span> <span class='ocrx_word' id='word_1_508' title='bbox 1818 2223 1966 2279; x_wconf 82' lang='lat' dir='ltr'>eiectienem</span> 
     </span>
     <span class='ocr_line' id='line_1_65' title="bbox 1171 2315 1963 2393; baseline -0.008 -19"><span class='ocrx_word' id='word_1_509' title='bbox 1171 2322 1260 2393; x_wconf 82' lang='lat' dir='ltr'>grutioe</span> <span class='ocrx_word' id='word_1_510' title='bbox 1271 2322 1409 2390; x_wconf 80' lang='lat' dir='ltr'>{uclaerunt</span> <span class='ocrx_word' id='word_1_511' title='bbox 1420 2321 1549 2375; x_wconf 84' lang='lat' dir='ltr'>:sioutem</span> <span class='ocrx_word' id='word_1_512' title='bbox 1558 2320 1651 2389; x_wconf 83' lang='lat' dir='ltr'>pretio,</span> <span class='ocrx_word' id='word_1_513' title='bbox 1658 2320 1715 2388; x_wconf 85' lang='lat' dir='ltr'>jem</span> <span class='ocrx_word' id='word_1_514' title='bbox 1729 2334 1780 2372; x_wconf 88' lang='lat' dir='ltr'>non</span> <span class='ocrx_word' id='word_1_515' title='bbox 1793 2315 1963 2384; x_wconf 78' lang='lat' dir='ltr'>exoperibus.</span> 
     </span>
     <span class='ocr_line' id='line_1_66' title="bbox 1171 2406 1979 2479; baseline -0.014 -11"><span class='ocrx_word' id='word_1_516' title='bbox 1171 2414 1204 2468; x_wconf 87' lang='lat' dir='ltr'>Et</span> <span class='ocrx_word' id='word_1_517' title='bbox 1215 2412 1266 2468; x_wconf 87' lang='lat' dir='ltr'>hoc</span> <span class='ocrx_word' id='word_1_518' title='bbox 1279 2413 1362 2467; x_wconf 82' lang='lat' dir='ltr'>refert</span> <span class='ocrx_word' id='word_1_519' title='bbox 1374 2411 1409 2466; x_wconf 84' lang='lat' dir='ltr'>ad</span> <span class='ocrx_word' id='word_1_520' title='bbox 1430 2412 1504 2475; x_wconf 89' lang='lat' dir='ltr'>iliud,</span> <span class='ocrx_word' id='word_1_521' title='bbox 1530 2411 1599 2465; x_wconf 88' lang='lat' dir='ltr'>uode</span> <span class='ocrx_word' id='word_1_522' title='bbox 1620 2410 1764 2479; x_wconf 84' lang='lat' dir='ltr'>disputatio</span> <span class='ocrx_word' id='word_1_523' title='bbox 1777 2409 1826 2463; x_wconf 83' lang='lat' dir='ltr'>ista</span> <span class='ocrx_word' id='word_1_524' title='bbox 1843 2406 1961 2478; x_wconf 88' lang='lat' dir='ltr'>prolecta</span> <span class='ocrx_word' id='word_1_525' title='bbox 1978 2429 1979 2432; x_wconf 36' lang='lat'>¹</span> 
     </span>
     <span class='ocr_line' id='line_1_67' title="bbox 1172 2497 1966 2569; baseline -0.011 -8"><span class='ocrx_word' id='word_1_526' title='bbox 1172 2515 1231 2561; x_wconf 83' lang='lat' dir='ltr'>cst:</span> <span class='ocrx_word' id='word_1_527' title='bbox 1245 2503 1309 2560; x_wconf 82' lang='lat' dir='ltr'>Cum</span> <span class='ocrx_word' id='word_1_528' title='bbox 1322 2505 1389 2558; x_wconf 87' lang='lat' dir='ltr'>euim</span> <span class='ocrx_word' id='word_1_529' title='bbox 1400 2503 1513 2557; x_wconf 87' lang='lat' dir='ltr'>nondum</span> <span class='ocrx_word' id='word_1_530' title='bbox 1525 2503 1578 2555; x_wconf 85' lang='lat' dir='ltr'>noti</span> <span class='ocrx_word' id='word_1_531' title='bbox 1592 2511 1684 2566; x_wconf 83' lang='lat' dir='ltr'>essent,</span> <span class='ocrx_word' id='word_1_532' title='bbox 1698 2516 1778 2569; x_wconf 81' lang='lat' dir='ltr'>oeque</span> <span class='ocrx_word' id='word_1_533' title='bbox 1791 2497 1887 2568; x_wconf 85' lang='lat' dir='ltr'>oiiqnid</span> <span class='ocrx_word' id='word_1_534' title='bbox 1899 2499 1966 2567; x_wconf 79' lang='lat' dir='ltr'>egis·</span> 
     </span>
     <span class='ocr_line' id='line_1_68' title="bbox 1171 2592 1965 2662; baseline -0.011 -10"><span class='ocrx_word' id='word_1_535' title='bbox 1171 2606 1226 2652; x_wconf 82' lang='lat' dir='ltr'>sent</span> <span class='ocrx_word' id='word_1_536' title='bbox 1237 2597 1296 2651; x_wconf 88' lang='lat' dir='ltr'>boni</span> <span class='ocrx_word' id='word_1_537' title='bbox 1309 2604 1352 2649; x_wconf 91' lang='lat' dir='ltr'>out</span> <span class='ocrx_word' id='word_1_538' title='bbox 1367 2593 1439 2661; x_wconf 84' lang='lat' dir='ltr'>nroii,</span> <span class='ocrx_word' id='word_1_539' title='bbox 1451 2601 1479 2647; x_wconf 89' lang='lat' dir='ltr'>ut</span> <span class='ocrx_word' id='word_1_540' title='bbox 1491 2592 1631 2648; x_wconf 85' lang='lat' dir='ltr'>toeutrdem</span> <span class='ocrx_word' id='word_1_541' title='bbox 1644 2593 1790 2647; x_wconf 84' lang='lat' dir='ltr'>eiectionem</span> <span class='ocrx_word' id='word_1_542' title='bbox 1806 2592 1965 2662; x_wconf 83' lang='lat' dir='ltr'>propositum</span> 
     </span>
     <span class='ocr_line' id='line_1_69' title="bbox 1172 2681 1963 2753; baseline -0.01 -14"><span class='ocrx_word' id='word_1_543' title='bbox 1172 2686 1220 2740; x_wconf 80' lang='lat' dir='ltr'>net</span> <span class='ocrx_word' id='word_1_544' title='bbox 1232 2695 1343 2740; x_wconf 72' lang='lat' dir='ltr'>prunoet</span> <span class='ocrx_word' id='word_1_545' title='bbox 1351 2699 1361 2748; x_wconf 88' lang='lat'><em>;</em></span> <span class='ocrx_word' id='word_1_546' title='bbox 1377 2701 1427 2738; x_wconf 89' lang='lat' dir='ltr'>non</span> <span class='ocrx_word' id='word_1_547' title='bbox 1440 2681 1608 2753; x_wconf 75' lang='lat' dir='ltr'>exoperibus.</span> <span class='ocrx_word' id='word_1_548' title='bbox 1624 2682 1687 2736; x_wconf 66' lang='lat' dir='ltr'>iiarc</span> <span class='ocrx_word' id='word_1_549' title='bbox 1699 2692 1740 2736; x_wconf 87' lang='lat' dir='ltr'>est</span> <span class='ocrx_word' id='word_1_550' title='bbox 1753 2682 1848 2736; x_wconf 85' lang='lat' dir='ltr'>eiectio</span> <span class='ocrx_word' id='word_1_551' title='bbox 1861 2683 1963 2751; x_wconf 75' lang='lat' dir='ltr'>gratiae,</span> 
     </span>
    </p>
   </div>
   <div class='ocr_carea' id='block_1_7' title="bbox 1170 2761 2061 2846">
    <p class='ocr_par' dir='ltr' id='par_1_7' title="bbox 1170 2761 2061 2846">
     <span class='ocr_line' id='line_1_70' title="bbox 1170 2761 2061 2846; baseline -0.013 -12"><span class='ocrx_word' id='word_1_552' title='bbox 1170 2793 1224 2834; x_wconf 90' lang='lat' dir='ltr'>non</span> <span class='ocrx_word' id='word_1_553' title='bbox 1235 2776 1412 2846; x_wconf 84' lang='lat' dir='ltr'>exoperibus,</span> <span class='ocrx_word' id='word_1_554' title='bbox 1430 2791 1481 2845; x_wconf 82' lang='lat' dir='ltr'>qua</span> <span class='ocrx_word' id='word_1_555' title='bbox 1492 2777 1502 2808; x_wconf 85' lang='lat'><strong>¹</strong></span> <span class='ocrx_word' id='word_1_556' title='bbox 1514 2776 1580 2828; x_wconf 90' lang='lat' dir='ltr'>liant</span> <span class='ocrx_word' id='word_1_557' title='bbox 1591 2788 1653 2828; x_wconf 89' lang='lat' dir='ltr'>rasa</span> <span class='ocrx_word' id='word_1_558' title='bbox 1665 2775 1691 2827; x_wconf 92' lang='lat' dir='ltr'>in</span> <span class='ocrx_word' id='word_1_559' title='bbox 1705 2775 1846 2836; x_wconf 83' lang='lat' dir='ltr'>honorem,</span> <span class='ocrx_word' id='word_1_560' title='bbox 1861 2776 1965 2827; x_wconf 82' lang='lat' dir='ltr'>utlioon</span> <span class='ocrx_word' id='word_1_561' title='bbox 2057 2761 2061 2771; x_wconf 88' lang='grc'><strong>’</strong></span> 
     </span>
    </p>
   </div>
   <div class='ocr_carea' id='block_1_8' title="bbox 1168 2865 1966 4481">
    <p class='ocr_par' dir='ltr' id='par_1_8' title="bbox 1168 2865 1966 4481">
     <span class='ocr_line' id='line_1_71' title="bbox 1171 2865 1963 2938; baseline -0.009 -17"><span class='ocrx_word' id='word_1_562' title='bbox 1171 2883 1252 2938; x_wconf 86' lang='lat' dir='ltr'>opera</span> <span class='ocrx_word' id='word_1_563' title='bbox 1266 2865 1365 2921; x_wconf 86' lang='lat' dir='ltr'>iaciant</span> <span class='ocrx_word' id='word_1_564' title='bbox 1375 2885 1381 2919; x_wconf 92' lang='lat'>:</span> <span class='ocrx_word' id='word_1_565' title='bbox 1393 2868 1455 2936; x_wconf 81' lang='lat' dir='ltr'>quia</span> <span class='ocrx_word' id='word_1_566' title='bbox 1466 2867 1533 2920; x_wconf 85' lang='lat' dir='ltr'>bona</span> <span class='ocrx_word' id='word_1_567' title='bbox 1542 2878 1625 2933; x_wconf 87' lang='lat' dir='ltr'>opera</span> <span class='ocrx_word' id='word_1_568' title='bbox 1633 2865 1831 2934; x_wconf 81' lang='lat' dir='ltr'>subsequantur</span> <span class='ocrx_word' id='word_1_569' title='bbox 1840 2866 1963 2935; x_wconf 75' lang='lat' dir='ltr'>gratiam,</span> 
     </span>
     <span class='ocr_line' id='line_1_72' title="bbox 1171 2956 1966 3034; baseline -0.013 -17"><span class='ocrx_word' id='word_1_570' title='bbox 1171 2977 1224 3018; x_wconf 93' lang='lat' dir='ltr'>non</span> <span class='ocrx_word' id='word_1_571' title='bbox 1241 2959 1408 3034; x_wconf 78' lang='grc' dir='ltr'>ριιιιιιιιις</span> <span class='ocrx_word' id='word_1_572' title='bbox 1424 2957 1643 3029; x_wconf 83' lang='lat' dir='ltr'>quorriamgratia</span> <span class='ocrx_word' id='word_1_573' title='bbox 1660 2957 1705 3011; x_wconf 86' lang='lat' dir='ltr'>Dei</span> <span class='ocrx_word' id='word_1_574' title='bbox 1722 2956 1785 3011; x_wconf 88' lang='lat' dir='ltr'>lneit</span> <span class='ocrx_word' id='word_1_575' title='bbox 1798 2966 1825 3010; x_wconf 90' lang='lat' dir='ltr'>ut</span> <span class='ocrx_word' id='word_1_576' title='bbox 1839 2972 1869 3011; x_wconf 91' lang='lat' dir='ltr'>ea</span> <span class='ocrx_word' id='word_1_577' title='bbox 1886 2957 1966 3009; x_wconf 84' lang='lat' dir='ltr'>ineiu-</span> 
     </span>
     <span class='ocr_line' id='line_1_73' title="bbox 1170 3050 1965 3122; baseline -0.01 -11"><span class='ocrx_word' id='word_1_578' title='bbox 1170 3071 1246 3122; x_wconf 85' lang='lat' dir='ltr'>mus;</span> <span class='ocrx_word' id='word_1_579' title='bbox 1263 3051 1665 3120; x_wconf 84' lang='lat' dir='ltr'>neccotrstituamus·justitiam</span> <span class='ocrx_word' id='word_1_580' title='bbox 1691 3060 1820 3115; x_wconf 89' lang='lat' dir='ltr'>nostram,</span> <span class='ocrx_word' id='word_1_581' title='bbox 1846 3051 1894 3104; x_wconf 85' lang='lat' dir='ltr'>sed</span> <span class='ocrx_word' id='word_1_582' title='bbox 1919 3050 1965 3103; x_wconf 82' lang='lat' dir='ltr'>liei</span> 
     </span>
     <span class='ocr_line' id='line_1_74' title="bbox 1168 3140 1964 3216; baseline -0.008 -17"><span class='ocrx_word' id='word_1_583' title='bbox 1168 3145 1270 3216; x_wconf 82' lang='lat' dir='ltr'>justitia</span> <span class='ocrx_word' id='word_1_584' title='bbox 1283 3145 1317 3199; x_wconf 85' lang='lat' dir='ltr'>sit</span> <span class='ocrx_word' id='word_1_585' title='bbox 1330 3144 1356 3198; x_wconf 87' lang='lat' dir='ltr'>itt</span> <span class='ocrx_word' id='word_1_586' title='bbox 1371 3143 1458 3207; x_wconf 88' lang='lat' dir='ltr'>nobis,</span> <span class='ocrx_word' id='word_1_587' title='bbox 1474 3141 1499 3197; x_wconf 84' lang='lat' dir='ltr'>id</span> <span class='ocrx_word' id='word_1_588' title='bbox 1512 3149 1563 3205; x_wconf 83' lang='lat' dir='ltr'>cst,</span> <span class='ocrx_word' id='word_1_589' title='bbox 1579 3156 1658 3211; x_wconf 85' lang='lat' dir='ltr'>qttam</span> <span class='ocrx_word' id='word_1_590' title='bbox 1683 3141 1765 3196; x_wconf 87' lang='lat' dir='ltr'>donat</span> <span class='ocrx_word' id='word_1_591' title='bbox 1788 3143 1857 3197; x_wconf 86' lang='lat' dir='ltr'>licus</span> <span class='ocrx_word' id='word_1_592' title='bbox 1877 3140 1964 3194; x_wconf 79' lang='lat' dir='ltr'>trtibis.</span> 
     </span>
     <span class='ocr_line' id='line_1_75' title="bbox 1170 3233 1965 3306; baseline -0.005 -14"><span class='ocrx_word' id='word_1_593' title='bbox 1170 3237 1261 3292; x_wconf 75' lang='lat' dir='ltr'>Ceteri</span> <span class='ocrx_word' id='word_1_594' title='bbox 1271 3252 1326 3290; x_wconf 88' lang='lat' dir='ltr'>uero</span> <span class='ocrx_word' id='word_1_595' title='bbox 1337 3236 1454 3290; x_wconf 73' lang='lat' dir='ltr'>excecati</span> <span class='ocrx_word' id='word_1_596' title='bbox 1465 3244 1523 3288; x_wconf 88' lang='lat' dir='ltr'>sunt</span> <span class='ocrx_word' id='word_1_597' title='bbox 1531 3233 1618 3306; x_wconf 81' lang='lat' dir='ltr'>(dom.</span> <span class='ocrx_word' id='word_1_598' title='bbox 1628 3251 1666 3298; x_wconf 83' lang='lat' dir='ltr'>xi,</span> <span class='ocrx_word' id='word_1_599' title='bbox 1675 3237 1685 3289; x_wconf 91' lang='lat' dir='ltr'>i</span> <span class='ocrx_word' id='word_1_600' title='bbox 1694 3276 1700 3299; x_wconf 92' lang='lat'>‚</span> <span class='ocrx_word' id='word_1_601' title='bbox 1710 3234 1756 3304; x_wconf 76' lang='grc'>7);</span> <span class='ocrx_word' id='word_1_602' title='bbox 1773 3234 1824 3290; x_wconf 89' lang='grc' dir='ltr'>Ιιοι</span> <span class='ocrx_word' id='word_1_603' title='bbox 1841 3245 1882 3289; x_wconf 83' lang='lat' dir='ltr'>est</span> <span class='ocrx_word' id='word_1_604' title='bbox 1891 3234 1965 3302; x_wconf 82' lang='lat' dir='ltr'>judi·</span> 
     </span>
     <span class='ocr_line' id='line_1_76' title="bbox 1171 3326 1964 3398; baseline -0.003 -16"><span class='ocrx_word' id='word_1_605' title='bbox 1171 3329 1252 3395; x_wconf 88' lang='lat' dir='ltr'>cium,</span> <span class='ocrx_word' id='word_1_606' title='bbox 1270 3342 1323 3398; x_wconf 81' lang='grc' dir='ltr'>ιιι</span> <span class='ocrx_word' id='word_1_607' title='bbox 1339 3328 1403 3382; x_wconf 90' lang='lat' dir='ltr'>liunt</span> <span class='ocrx_word' id='word_1_608' title='bbox 1415 3340 1477 3380; x_wconf 81' lang='lat' dir='ltr'>nasa</span> <span class='ocrx_word' id='word_1_609' title='bbox 1492 3326 1519 3380; x_wconf 91' lang='lat' dir='ltr'>in</span> <span class='ocrx_word' id='word_1_610' title='bbox 1534 3326 1740 3391; x_wconf 66' lang='lat' dir='ltr'>centonomium</span> <span class='ocrx_word' id='word_1_611' title='bbox 1754 3341 1787 3382; x_wconf 83' lang='lat' dir='ltr'>ex</span> <span class='ocrx_word' id='word_1_612' title='bbox 1800 3342 1852 3397; x_wconf 81' lang='grc' dir='ltr'>ιιο</span> <span class='ocrx_word' id='word_1_613' title='bbox 1863 3326 1964 3395; x_wconf 84' lang='lat' dir='ltr'>judicio</span> 
     </span>
     <span class='ocr_line' id='line_1_77' title="bbox 1170 3413 1966 3486; baseline -0.005 -14"><span class='ocrx_word' id='word_1_614' title='bbox 1170 3416 1336 3479; x_wconf 87' lang='lat' dir='ltr'>dictumest,</span> <span class='ocrx_word' id='word_1_615' title='bbox 1353 3415 1423 3470; x_wconf 82' lang='lat' dir='ltr'>Esou</span> <span class='ocrx_word' id='word_1_616' title='bbox 1436 3424 1519 3469; x_wconf 87' lang='lat' dir='ltr'>nutem</span> <span class='ocrx_word' id='word_1_617' title='bbox 1534 3416 1592 3470; x_wconf 89' lang='lat' dir='ltr'>odio</span> <span class='ocrx_word' id='word_1_618' title='bbox 1603 3415 1689 3469; x_wconf 83' lang='lat' dir='ltr'>habui.</span> <span class='ocrx_word' id='word_1_619' title='bbox 1704 3413 1806 3485; x_wconf 83' lang='lat' dir='ltr'>Exque</span> <span class='ocrx_word' id='word_1_620' title='bbox 1816 3416 1917 3486; x_wconf 86' lang='lat' dir='ltr'>judicio</span> <span class='ocrx_word' id='word_1_621' title='bbox 1926 3416 1966 3469; x_wconf 91' lang='lat' dir='ltr'>di·</span> 
     </span>
     <span class='ocr_line' id='line_1_78' title="bbox 1171 3503 1966 3572; baseline -0.005 -11"><span class='ocrx_word' id='word_1_622' title='bbox 1171 3516 1243 3561; x_wconf 89' lang='lat' dir='ltr'>ctum</span> <span class='ocrx_word' id='word_1_623' title='bbox 1256 3514 1298 3560; x_wconf 86' lang='lat' dir='ltr'>est</span> <span class='ocrx_word' id='word_1_624' title='bbox 1309 3505 1390 3559; x_wconf 86' lang='lat' dir='ltr'>etiam</span> <span class='ocrx_word' id='word_1_625' title='bbox 1401 3504 1544 3569; x_wconf 82' lang='lat' dir='ltr'>Pharaoni,</span> <span class='ocrx_word' id='word_1_626' title='bbox 1559 3504 1599 3558; x_wconf 81' lang='lat' dir='ltr'>dd</span> <span class='ocrx_word' id='word_1_627' title='bbox 1611 3504 1658 3558; x_wconf 85' lang='lat' dir='ltr'>boc</span> <span class='ocrx_word' id='word_1_628' title='bbox 1673 3513 1696 3558; x_wconf 88' lang='lat' dir='ltr'>te</span> <span class='ocrx_word' id='word_1_629' title='bbox 1708 3505 1822 3558; x_wconf 77' lang='lat' dir='ltr'>excitati.</span> <span class='ocrx_word' id='word_1_630' title='bbox 1833 3503 1908 3559; x_wconf 88' lang='lat' dir='ltr'>Unde</span> <span class='ocrx_word' id='word_1_631' title='bbox 1919 3520 1966 3572; x_wconf 86' lang='lat' dir='ltr'>ap-</span> 
     </span>
     <span class='ocr_line' id='line_1_79' title="bbox 1171 3592 1966 3666; baseline -0.004 -15"><span class='ocrx_word' id='word_1_632' title='bbox 1171 3605 1248 3666; x_wconf 90' lang='lat' dir='ltr'>paret</span> <span class='ocrx_word' id='word_1_633' title='bbox 1260 3610 1307 3650; x_wconf 89' lang='lat' dir='ltr'>ros</span> <span class='ocrx_word' id='word_1_634' title='bbox 1318 3595 1357 3650; x_wconf 91' lang='lat' dir='ltr'>sie</span> <span class='ocrx_word' id='word_1_635' title='bbox 1369 3593 1557 3663; x_wconf 77' lang='lat' dir='ltr'>intelligentes,</span> <span class='ocrx_word' id='word_1_636' title='bbox 1566 3595 1609 3648; x_wconf 87' lang='grc' dir='ltr'>ιιι</span> <span class='ocrx_word' id='word_1_637' title='bbox 1622 3592 1709 3664; x_wconf 91' lang='lat' dir='ltr'>potins</span> <span class='ocrx_word' id='word_1_638' title='bbox 1722 3609 1775 3647; x_wconf 90' lang='lat' dir='ltr'>non</span> <span class='ocrx_word' id='word_1_639' title='bbox 1787 3593 1966 3663; x_wconf 77' lang='lat' dir='ltr'>intelligentes</span> 
     </span>
     <span class='ocr_line' id='line_1_80' title="bbox 1172 3683 1964 3757; baseline -0.008 -14"><span class='ocrx_word' id='word_1_640' title='bbox 1172 3686 1341 3757; x_wconf 73' lang='lat' dir='ltr'>Apostolum,</span> <span class='ocrx_word' id='word_1_641' title='bbox 1353 3684 1520 3755; x_wconf 83' lang='lat' dir='ltr'>exoperibus</span> <span class='ocrx_word' id='word_1_642' title='bbox 1532 3692 1624 3739; x_wconf 89' lang='lat' dir='ltr'>contra</span> <span class='ocrx_word' id='word_1_643' title='bbox 1639 3685 1751 3754; x_wconf 88' lang='lat' dir='ltr'>gratiam</span> <span class='ocrx_word' id='word_1_644' title='bbox 1763 3684 1833 3739; x_wconf 88' lang='lat' dir='ltr'>relic</span> <span class='ocrx_word' id='word_1_645' title='bbox 1844 3683 1964 3754; x_wconf 83' lang='lat' dir='ltr'>gloriari,</span> 
     </span>
     <span class='ocr_line' id='line_1_81' title="bbox 1171 3776 1964 3846; baseline -0.005 -12"><span class='ocrx_word' id='word_1_646' title='bbox 1171 3788 1198 3834; x_wconf 90' lang='lat' dir='ltr'>et</span> <span class='ocrx_word' id='word_1_647' title='bbox 1211 3788 1326 3833; x_wconf 83' lang='lat' dir='ltr'>restrum</span> <span class='ocrx_word' id='word_1_648' title='bbox 1336 3777 1465 3846; x_wconf 72' lang='lat' dir='ltr'>iustitiam</span> <span class='ocrx_word' id='word_1_649' title='bbox 1477 3776 1597 3832; x_wconf 82' lang='lat' dir='ltr'>solentes</span> <span class='ocrx_word' id='word_1_650' title='bbox 1610 3776 1782 3841; x_wconf 82' lang='lat' dir='ltr'>coristitoere,</span> <span class='ocrx_word' id='word_1_651' title='bbox 1795 3776 1905 3846; x_wconf 80' lang='lat' dir='ltr'>justitie</span> <span class='ocrx_word' id='word_1_652' title='bbox 1918 3777 1964 3831; x_wconf 84' lang='lat' dir='ltr'>Dei</span> 
     </span>
     <span class='ocr_line' id='line_1_82' title="bbox 1172 3867 1965 3938; baseline 0 -15"><span class='ocrx_word' id='word_1_653' title='bbox 1172 3886 1224 3924; x_wconf 92' lang='lat' dir='ltr'>non</span> <span class='ocrx_word' id='word_1_654' title='bbox 1239 3885 1300 3924; x_wconf 91' lang='lat' dir='ltr'>esse</span> <span class='ocrx_word' id='word_1_655' title='bbox 1314 3867 1458 3938; x_wconf 82' lang='lat' dir='ltr'>salijectos.</span> <span class='ocrx_word' id='word_1_656' title='bbox 1470 3867 1524 3922; x_wconf 87' lang='lat' dir='ltr'>Nos</span> <span class='ocrx_word' id='word_1_657' title='bbox 1539 3882 1604 3923; x_wconf 85' lang='lat' dir='ltr'>vera</span> <span class='ocrx_word' id='word_1_658' title='bbox 1617 3867 1699 3922; x_wconf 79' lang='grc' dir='ltr'>ὓιιιι</span> <span class='ocrx_word' id='word_1_659' title='bbox 1715 3867 1823 3935; x_wconf 80' lang='lat' dir='ltr'>quidem</span> <span class='ocrx_word' id='word_1_660' title='bbox 1839 3867 1965 3937; x_wconf 80' lang='lat' dir='ltr'>parrulo-</span> 
     </span>
     <span class='ocr_line' id='line_1_83' title="bbox 1172 3957 1966 4030; baseline 0 -16"><span class='ocrx_word' id='word_1_661' title='bbox 1172 3975 1230 4015; x_wconf 89' lang='lat' dir='ltr'>rum</span> <span class='ocrx_word' id='word_1_662' title='bbox 1245 3961 1366 4030; x_wconf 86' lang='lat' dir='ltr'>opiliecm</span> <span class='ocrx_word' id='word_1_663' title='bbox 1381 3958 1575 4028; x_wconf 72' lang='lat' dir='ltr'>praedicamus:</span> <span class='ocrx_word' id='word_1_664' title='bbox 1589 3957 1636 4012; x_wconf 90' lang='lat' dir='ltr'>sed</span> <span class='ocrx_word' id='word_1_665' title='bbox 1649 3973 1682 4013; x_wconf 84' lang='lat' dir='ltr'>ex</span> <span class='ocrx_word' id='word_1_666' title='bbox 1697 3957 1790 4013; x_wconf 87' lang='lat' dir='ltr'>eadem</span> <span class='ocrx_word' id='word_1_667' title='bbox 1806 3972 1895 4014; x_wconf 87' lang='lat' dir='ltr'>massa</span> <span class='ocrx_word' id='word_1_668' title='bbox 1908 3975 1966 4014; x_wconf 88' lang='lat' dir='ltr'>me·</span> 
     </span>
     <span class='ocr_line' id='line_1_84' title="bbox 1171 4049 1965 4117; baseline 0 -12"><span class='ocrx_word' id='word_1_669' title='bbox 1171 4050 1244 4105; x_wconf 91' lang='lat' dir='ltr'>dimu</span> <span class='ocrx_word' id='word_1_670' title='bbox 1259 4052 1345 4105; x_wconf 89' lang='lat' dir='ltr'>locam</span> <span class='ocrx_word' id='word_1_671' title='bbox 1360 4050 1439 4113; x_wconf 86' lang='lat' dir='ltr'>rasis,</span> <span class='ocrx_word' id='word_1_672' title='bbox 1457 4050 1500 4104; x_wconf 86' lang='lat' dir='ltr'>old</span> <span class='ocrx_word' id='word_1_673' title='bbox 1522 4065 1574 4106; x_wconf 91' lang='lat' dir='ltr'>nec</span> <span class='ocrx_word' id='word_1_674' title='bbox 1592 4049 1763 4105; x_wconf 84' lang='lat' dir='ltr'>inhonorem</span> <span class='ocrx_word' id='word_1_675' title='bbox 1785 4050 1860 4117; x_wconf 82' lang='lat' dir='ltr'>dant,</span> <span class='ocrx_word' id='word_1_676' title='bbox 1876 4066 1925 4106; x_wconf 91' lang='lat' dir='ltr'>nec</span> <span class='ocrx_word' id='word_1_677' title='bbox 1939 4052 1965 4105; x_wconf 92' lang='lat' dir='ltr'>in</span> 
     </span>
     <span class='ocr_line' id='line_1_85' title="bbox 1172 4140 1964 4209; baseline -0.004 -13"><span class='ocrx_word' id='word_1_678' title='bbox 1172 4141 1372 4203; x_wconf 82' lang='lat' dir='ltr'>coritanieliam,</span> <span class='ocrx_word' id='word_1_679' title='bbox 1387 4155 1465 4209; x_wconf 84' lang='lat' dir='ltr'>qrrem</span> <span class='ocrx_word' id='word_1_680' title='bbox 1479 4156 1530 4193; x_wconf 92' lang='lat' dir='ltr'>non</span> <span class='ocrx_word' id='word_1_681' title='bbox 1542 4140 1615 4193; x_wconf 87' lang='lat' dir='ltr'>dedit</span> <span class='ocrx_word' id='word_1_682' title='bbox 1627 4140 1778 4207; x_wconf 79' lang='lat' dir='ltr'>apostotus,</span> <span class='ocrx_word' id='word_1_683' title='bbox 1791 4155 1843 4194; x_wconf 90' lang='grc' dir='ltr'>ιοι</span> <span class='ocrx_word' id='word_1_684' title='bbox 1856 4141 1964 4205; x_wconf 86' lang='lat' dir='ltr'>d:mms;</span> 
     </span>
     <span class='ocr_line' id='line_1_86' title="bbox 1172 4230 1965 4302; baseline -0.003 -18"><span class='ocrx_word' id='word_1_685' title='bbox 1172 4231 1243 4302; x_wconf 86' lang='lat' dir='ltr'>qrrod</span> <span class='ocrx_word' id='word_1_686' title='bbox 1256 4246 1304 4285; x_wconf 87' lang='lat' dir='ltr'>ros</span> <span class='ocrx_word' id='word_1_687' title='bbox 1327 4230 1448 4284; x_wconf 85' lang='lat' dir='ltr'>iaciendo</span> <span class='ocrx_word' id='word_1_688' title='bbox 1471 4230 1620 4284; x_wconf 82' lang='lat' dir='ltr'>evaderetis</span> <span class='ocrx_word' id='word_1_689' title='bbox 1639 4230 1768 4298; x_wconf 82' lang='lat' dir='ltr'>judicium</span> <span class='ocrx_word' id='word_1_690' title='bbox 1791 4231 1846 4295; x_wconf 83' lang='lat' dir='ltr'>Dei,</span> <span class='ocrx_word' id='word_1_691' title='bbox 1865 4232 1887 4285; x_wconf 89' lang='lat' dir='ltr'>si</span> <span class='ocrx_word' id='word_1_692' title='bbox 1902 4246 1965 4285; x_wconf 83' lang='lat' dir='ltr'>euru</span> 
     </span>
     <span class='ocr_line' id='line_1_87' title="bbox 1173 4321 1963 4384; baseline -0.006 -5"><span class='ocrx_word' id='word_1_693' title='bbox 1173 4323 1357 4379; x_wconf 81' lang='lat' dir='ltr'>emtumnndo</span> <span class='ocrx_word' id='word_1_694' title='bbox 1370 4321 1585 4384; x_wconf 78' lang='lat' dir='ltr'>ilanieimonnn,</span> <span class='ocrx_word' id='word_1_695' title='bbox 1601 4329 1628 4375; x_wconf 94' lang='lat' dir='ltr'>ct</span> <span class='ocrx_word' id='word_1_696' title='bbox 1649 4336 1702 4374; x_wconf 93' lang='lat' dir='ltr'>non</span> <span class='ocrx_word' id='word_1_697' title='bbox 1718 4323 1836 4374; x_wconf 85' lang='lat' dir='ltr'>ornrrimn</span> <span class='ocrx_word' id='word_1_698' title='bbox 1856 4323 1963 4375; x_wconf 85' lang='lat' dir='ltr'>naereti-</span> 
     </span>
     <span class='ocr_line' id='line_1_88' title="bbox 1173 4411 1788 4481; baseline -0.011 -11"><span class='ocrx_word' id='word_1_699' title='bbox 1173 4431 1264 4471; x_wconf 86' lang='lat' dir='ltr'>corum</span> <span class='ocrx_word' id='word_1_700' title='bbox 1275 4415 1458 4469; x_wconf 85' lang='lat' dir='ltr'>damnatorem</span> <span class='ocrx_word' id='word_1_701' title='bbox 1469 4413 1653 4467; x_wconf 85' lang='lat' dir='ltr'>demonstrare</span> <span class='ocrx_word' id='word_1_702' title='bbox 1665 4411 1788 4481; x_wconf 87' lang='lat' dir='ltr'>possetis.</span> 
     </span>
    </p>
   </div>
   <div class='ocr_carea' id='block_1_9' title="bbox 1173 4563 1967 4755">
    <p class='ocr_par' dir='ltr' id='par_1_9' title="bbox 1173 4563 1967 4755">
     <span class='ocr_line' id='line_1_89' title="bbox 1205 4563 1967 4629; baseline -0.007 -12"><span class='ocrx_word' id='word_1_703' title='bbox 1205 4573 1214 4602; x_wconf 89' lang='lat'>¹</span> <span class='ocrx_word' id='word_1_704' title='bbox 1230 4568 1366 4629; x_wconf 79' lang='lat' dir='ltr'>riginerius</span> <span class='ocrx_word' id='word_1_705' title='bbox 1376 4565 1415 4616; x_wconf 84' lang='lat' dir='ltr'>liic</span> <span class='ocrx_word' id='word_1_706' title='bbox 1425 4571 1451 4615; x_wconf 89' lang='lat' dir='ltr'>et</span> <span class='ocrx_word' id='word_1_707' title='bbox 1463 4564 1522 4614; x_wconf 83' lang='lat' dir='ltr'>inim</span> <span class='ocrx_word' id='word_1_708' title='bbox 1532 4566 1555 4612; x_wconf 87' lang='lat' dir='ltr'>in</span> <span class='ocrx_word' id='word_1_709' title='bbox 1567 4575 1597 4614; x_wconf 93' lang='lat' dir='ltr'>eo</span> <span class='ocrx_word' id='word_1_710' title='bbox 1608 4563 1672 4614; x_wconf 84' lang='lat' dir='ltr'>rauli</span> <span class='ocrx_word' id='word_1_711' title='bbox 1684 4564 1820 4615; x_wconf 82' lang='lat' dir='ltr'>testimonio</span> <span class='ocrx_word' id='word_1_712' title='bbox 1828 4567 1967 4614; x_wconf 75' lang='lat' dir='ltr'>constanter</span> 
     </span>
     <span class='ocr_line' id='line_1_90' title="bbox 1173 4626 1342 4688; baseline -0.03 -5"><span class='ocrx_word' id='word_1_713' title='bbox 1173 4631 1248 4688; x_wconf 82' lang='lat' dir='ltr'>addit,</span> <span class='ocrx_word' id='word_1_714' title='bbox 1260 4626 1342 4679; x_wconf 82' lang='lat' dir='ltr'>aoiooe.</span> 
     </span>
     <span class='ocr_line' id='line_1_91' title="bbox 1205 4686 1475 4755; baseline -0.011 -14"><span class='ocrx_word' id='word_1_715' title='bbox 1205 4694 1216 4724; x_wconf 87' lang='lat'><strong>¹</strong></span> <span class='ocrx_word' id='word_1_716' title='bbox 1225 4690 1292 4755; x_wconf 75' lang='lat' dir='ltr'>Apud</span> <span class='ocrx_word' id='word_1_717' title='bbox 1302 4689 1397 4749; x_wconf 73' lang='lat' dir='ltr'>liddam,</span> <span class='ocrx_word' id='word_1_718' title='bbox 1410 4686 1475 4751; x_wconf 77' lang='lat' dir='ltr'>pttt’tt.</span> 
     </span>
    </p>
   </div>
   <div class='ocr_carea' id='block_1_10' title="bbox 790 4951 1501 5067">
    <p class='ocr_par' dir='ltr' id='par_1_10' title="bbox 790 4951 1501 5067">
     <span class='ocr_line' id='line_1_92' title="bbox 790 4951 1501 5067; baseline -0.006 0"><span class='ocrx_word' id='word_1_719' title='bbox 790 4960 1029 5067; x_wconf 82' lang='lat' dir='ltr'><strong><em>LIBER</em></strong></span> <span class='ocrx_word' id='word_1_720' title='bbox 1058 4951 1501 5065; x_wconf 69' lang='lat' dir='ltr'><em>SECUNDUS..</em></span> 
     </span>
    </p>
   </div>
   <div class='ocr_carea' id='block_1_11' title="bbox 356 5138 1969 5206">
    <p class='ocr_par' dir='ltr' id='par_1_11' title="bbox 356 5138 1969 5206">
     <span class='ocr_line' id='line_1_93' title="bbox 356 5138 1969 5206; baseline 0.001 -13"><span class='ocrx_word' id='word_1_721' title='bbox 356 5141 482 5194; x_wconf 83' lang='lat' dir='ltr'>tteiellitar</span> <span class='ocrx_word' id='word_1_722' title='bbox 490 5141 553 5195; x_wconf 86' lang='lat' dir='ltr'>liber</span> <span class='ocrx_word' id='word_1_723' title='bbox 564 5144 650 5196; x_wconf 83' lang='lat' dir='ltr'>tuliani</span> <span class='ocrx_word' id='word_1_724' title='bbox 660 5145 689 5196; x_wconf 86' lang='lat' dir='ltr'>ad</span> <span class='ocrx_word' id='word_1_725' title='bbox 701 5148 795 5199; x_wconf 80' lang='lat' dir='ltr'>tlorum</span> <span class='ocrx_word' id='word_1_726' title='bbox 805 5147 935 5203; x_wconf 84' lang='lat' dir='ltr'>secundus,</span> <span class='ocrx_word' id='word_1_727' title='bbox 946 5147 988 5204; x_wconf 88' lang='lat' dir='ltr'>oui</span> <span class='ocrx_word' id='word_1_728' title='bbox 997 5146 1029 5195; x_wconf 88' lang='lat' dir='ltr'>de</span> <span class='ocrx_word' id='word_1_729' title='bbox 1040 5142 1089 5193; x_wconf 89' lang='lat' dir='ltr'>illis</span> <span class='ocrx_word' id='word_1_730' title='bbox 1100 5149 1139 5194; x_wconf 81' lang='lat' dir='ltr'>est</span> <span class='ocrx_word' id='word_1_731' title='bbox 1149 5138 1255 5204; x_wconf 78' lang='lat' dir='ltr'>apostoli</span> <span class='ocrx_word' id='word_1_732' title='bbox 1264 5140 1354 5196; x_wconf 80' lang='lat' dir='ltr'>verbis,</span> <span class='ocrx_word' id='word_1_733' title='bbox 1368 5139 1397 5188; x_wconf 86' lang='lat' dir='ltr'>ad</span> <span class='ocrx_word' id='word_1_734' title='bbox 1410 5145 1524 5189; x_wconf 82' lang='lat' dir='ltr'>ttamanos</span> <span class='ocrx_word' id='word_1_735' title='bbox 1536 5153 1559 5199; x_wconf 92' lang='grc' dir='ltr'>ι,</span> <span class='ocrx_word' id='word_1_736' title='bbox 1575 5148 1619 5191; x_wconf 82' lang='grc' dir='ltr'>ιιι</span> <span class='ocrx_word' id='word_1_737' title='bbox 1631 5152 1705 5189; x_wconf 84' lang='lat' dir='ltr'>anton</span> <span class='ocrx_word' id='word_1_738' title='bbox 1716 5139 1835 5192; x_wconf 84' lang='lat' dir='ltr'>ltondueur</span> <span class='ocrx_word' id='word_1_739' title='bbox 1844 5151 1969 5206; x_wconf 87' lang='lat' dir='ltr'>peceatum</span> 
     </span>
    </p>
   </div>
   <div class='ocr_carea' id='block_1_12' title="bbox 324 5199 1970 5335">
    <p class='ocr_par' dir='ltr' id='par_1_12' title="bbox 324 5199 1970 5335">
     <span class='ocr_line' id='line_1_94' title="bbox 324 5199 1970 5314; baseline 0 -60"><span class='ocrx_word' id='word_1_740' title='bbox 324 5200 350 5249; x_wconf 76' lang='lat' dir='ltr'>itt</span> <span class='ocrx_word' id='word_1_741' title='bbox 360 5206 425 5254; x_wconf 79' lang='lat' dir='ltr'>bime</span> <span class='ocrx_word' id='word_1_742' title='bbox 437 5208 554 5255; x_wconf 86' lang='lat' dir='ltr'>mundum</span> <span class='ocrx_word' id='word_1_743' title='bbox 563 5202 670 5280; x_wconf 74' lang='lat' dir='ltr'>introiit,</span> <span class='ocrx_word' id='word_1_744' title='bbox 682 5215 705 5258; x_wconf 92' lang='lat' dir='ltr'>et</span> <span class='ocrx_word' id='word_1_745' title='bbox 712 5221 755 5281; x_wconf 83' lang='lat' dir='ltr'>per</span> <span class='ocrx_word' id='word_1_746' title='bbox 766 5215 891 5275; x_wconf 79' lang='lat' dir='ltr'>precatum</span> <span class='ocrx_word' id='word_1_747' title='bbox 900 5221 964 5258; x_wconf 88' lang='lat' dir='ltr'>mors</span> <span class='ocrx_word' id='word_1_748' title='bbox 974 5221 982 5267; x_wconf 88' lang='lat'>;</span> <span class='ocrx_word' id='word_1_749' title='bbox 991 5209 1056 5278; x_wconf 78' lang='lat' dir='ltr'>etilo</span> <span class='ocrx_word' id='word_1_750' title='bbox 1065 5207 1180 5256; x_wconf 80' lang='lat' dir='ltr'>inermes</span> <span class='ocrx_word' id='word_1_751' title='bbox 1190 5199 1305 5273; x_wconf 69' lang='lat' dir='ltr'>dontbaep,</span> <span class='ocrx_word' id='word_1_752' title='bbox 1319 5209 1367 5249; x_wconf 85' lang='lat' dir='ltr'>etc.</span> <span class='ocrx_word' id='word_1_753' title='bbox 1377 5199 1496 5272; x_wconf 75' lang='lat' dir='ltr'>talionem</span> <span class='ocrx_word' id='word_1_754' title='bbox 1503 5200 1542 5273; x_wconf 65' lang='lat' dir='ltr'>liic</span> <span class='ocrx_word' id='word_1_755' title='bbox 1552 5203 1646 5275; x_wconf 79' lang='lat' dir='ltr'>rejecto</span> <span class='ocrx_word' id='word_1_756' title='bbox 1655 5201 1773 5252; x_wconf 78' lang='lat' dir='ltr'>catholieo</span> <span class='ocrx_word' id='word_1_757' title='bbox 1780 5217 1855 5253; x_wconf 81' lang='lat' dir='ltr'>senisu</span> <span class='ocrx_word' id='word_1_758' title='bbox 1859 5204 1970 5314; x_wconf 62' lang='lat' dir='ltr'>paecun-</span> 
     </span>
     <span class='ocr_line' id='line_1_95' title="bbox 324 5266 1843 5335; baseline -0.003 -18"><span class='ocrx_word' id='word_1_759' title='bbox 324 5266 469 5331; x_wconf 59' lang='lat' dir='ltr'>&amp;nouem</span> <span class='ocrx_word' id='word_1_760' title='bbox 490 5270 636 5330; x_wconf 77' lang='lat' dir='ltr'>augustinns</span> <span class='ocrx_word' id='word_1_761' title='bbox 658 5284 682 5319; x_wconf 84' lang='lat' dir='ltr'>in</span> <span class='ocrx_word' id='word_1_762' title='bbox 702 5268 764 5320; x_wconf 80' lang='lat' dir='ltr'>ldtro</span> <span class='ocrx_word' id='word_1_763' title='bbox 781 5271 889 5321; x_wconf 79' lang='lat' dir='ltr'>secutmo</span> <span class='ocrx_word' id='word_1_764' title='bbox 906 5270 939 5319; x_wconf 90' lang='lat' dir='ltr'>de</span> <span class='ocrx_word' id='word_1_765' title='bbox 954 5270 1045 5331; x_wconf 81' lang='lat' dir='ltr'>ttutptits</span> <span class='ocrx_word' id='word_1_766' title='bbox 1063 5274 1089 5317; x_wconf 89' lang='grc' dir='ltr'>ιι</span> <span class='ocrx_word' id='word_1_767' title='bbox 1109 5269 1322 5335; x_wconf 81' lang='lat' dir='ltr'>conmprsccntta,</span> <span class='ocrx_word' id='word_1_768' title='bbox 1347 5269 1426 5323; x_wconf 78' lang='lat' dir='ltr'>capite</span> <span class='ocrx_word' id='word_1_769' title='bbox 1445 5275 1561 5326; x_wconf 78' lang='lat' dir='ltr'>rgestrno</span> <span class='ocrx_word' id='word_1_770' title='bbox 1581 5270 1700 5328; x_wconf 84' lang='lat' dir='ltr'>septeno,</span> <span class='ocrx_word' id='word_1_771' title='bbox 1719 5277 1749 5313; x_wconf 84' lang='lat' dir='ltr'>ea</span> <span class='ocrx_word' id='word_1_772' title='bbox 1768 5267 1843 5314; x_wconf 81' lang='lat' dir='ltr'>rerba</span> 
     </span>
    </p>
   </div>
   <div class='ocr_carea' id='block_1_13' title="bbox 1877 5267 1972 5317">
    <p class='ocr_par' dir='ltr' id='par_1_13' title="bbox 1877 5267 1972 5317">
     <span class='ocr_line' id='line_1_96' title="bbox 1877 5267 1972 5317; baseline 0.032 -3"><span class='ocrx_word' id='word_1_773' title='bbox 1877 5279 1892 5314; x_wconf 90' lang='grc' dir='ltr'>ι</span> <span class='ocrx_word' id='word_1_774' title='bbox 1914 5267 1972 5317; x_wconf 72' lang='lat' dir='ltr'>ttdte</span> 
     </span>
    </p>
   </div>
   <div class='ocr_carea' id='block_1_14' title="bbox 323 5321 1973 5396">
    <p class='ocr_par' dir='ltr' id='par_1_14' title="bbox 323 5321 1973 5396">
     <span class='ocr_line' id='line_1_97' title="bbox 323 5321 1973 5396; baseline -0.001 -17"><span class='ocrx_word' id='word_1_775' title='bbox 323 5336 427 5389; x_wconf 67' lang='lat' dir='ltr'>twoeto</span> <span class='ocrx_word' id='word_1_776' title='bbox 438 5332 599 5392; x_wconf 78' lang='lat' dir='ltr'>generatione</span> <span class='ocrx_word' id='word_1_777' title='bbox 610 5333 636 5382; x_wconf 88' lang='lat' dir='ltr'>la</span> <span class='ocrx_word' id='word_1_778' title='bbox 647 5345 732 5383; x_wconf 87' lang='lat' dir='ltr'>omnes</span> <span class='ocrx_word' id='word_1_779' title='bbox 742 5333 817 5395; x_wconf 81' lang='lat' dir='ltr'>ipsios</span> <span class='ocrx_word' id='word_1_780' title='bbox 827 5339 938 5396; x_wconf 84' lang='lat' dir='ltr'>posteros</span> <span class='ocrx_word' id='word_1_781' title='bbox 949 5330 1090 5383; x_wconf 69' lang='lat' dir='ltr'>monuisse</span> <span class='ocrx_word' id='word_1_782' title='bbox 1098 5324 1229 5389; x_wconf 81' lang='lat' dir='ltr'>exposuit)</span> <span class='ocrx_word' id='word_1_783' title='bbox 1241 5323 1329 5372; x_wconf 82' lang='lat' dir='ltr'>trustra</span> <span class='ocrx_word' id='word_1_784' title='bbox 1342 5321 1460 5382; x_wconf 86' lang='lat' dir='ltr'>laborare,</span> <span class='ocrx_word' id='word_1_785' title='bbox 1473 5331 1500 5372; x_wconf 92' lang='lat' dir='ltr'>ut</span> <span class='ocrx_word' id='word_1_786' title='bbox 1510 5324 1643 5373; x_wconf 81' lang='lat' dir='ltr'>semndmn</span> <span class='ocrx_word' id='word_1_787' title='bbox 1655 5323 1805 5387; x_wconf 81' lang='lat' dir='ltr'>retagimam</span> <span class='ocrx_word' id='word_1_788' title='bbox 1814 5325 1927 5377; x_wconf 82' lang='lat' dir='ltr'>lueereslm</span> <span class='ocrx_word' id='word_1_789' title='bbox 1937 5328 1973 5378; x_wconf 84' lang='lat' dir='ltr'>det</span> 
     </span>
    </p>
   </div>
   <div class='ocr_carea' id='block_1_15' title="bbox 325 5384 1721 5458">
    <p class='ocr_par' dir='ltr' id='par_1_15' title="bbox 325 5384 1721 5458">
     <span class='ocr_line' id='line_1_98' title="bbox 325 5384 1721 5458; baseline -0.002 -20"><span class='ocrx_word' id='word_1_790' title='bbox 325 5387 444 5451; x_wconf 80' lang='lat' dir='ltr'>exempto</span> <span class='ocrx_word' id='word_1_791' title='bbox 454 5391 557 5453; x_wconf 82' lang='lat' dir='ltr'>peccati,</span> <span class='ocrx_word' id='word_1_792' title='bbox 569 5405 618 5442; x_wconf 92' lang='lat' dir='ltr'>non</span> <span class='ocrx_word' id='word_1_793' title='bbox 629 5393 654 5444; x_wconf 91' lang='lat' dir='ltr'>in</span> <span class='ocrx_word' id='word_1_794' title='bbox 663 5405 748 5444; x_wconf 87' lang='lat' dir='ltr'>omnes</span> <span class='ocrx_word' id='word_1_795' title='bbox 758 5401 876 5458; x_wconf 84' lang='lat' dir='ltr'>posteros,</span> <span class='ocrx_word' id='word_1_796' title='bbox 889 5392 933 5444; x_wconf 88' lang='lat' dir='ltr'>sed</span> <span class='ocrx_word' id='word_1_797' title='bbox 945 5394 970 5443; x_wconf 89' lang='lat' dir='ltr'>in</span> <span class='ocrx_word' id='word_1_798' title='bbox 978 5395 1109 5455; x_wconf 72' lang='lat' dir='ltr'>pectantes</span> <span class='ocrx_word' id='word_1_799' title='bbox 1119 5394 1212 5441; x_wconf 84' lang='lat' dir='ltr'>tautum</span> <span class='ocrx_word' id='word_1_800' title='bbox 1222 5384 1356 5435; x_wconf 76' lang='lat' dir='ltr'>imitatione</span> <span class='ocrx_word' id='word_1_801' title='bbox 1367 5386 1532 5447; x_wconf 75' lang='lat' dir='ltr'>nairseumis,</span> <span class='ocrx_word' id='word_1_802' title='bbox 1544 5384 1721 5449; x_wconf 85' lang='lat' dir='ltr'>intelligantur.</span> 
     </span>
    </p>
   </div>
   <div class='ocr_carea' id='block_1_16' title="bbox 1053 5516 1239 5575">
    <p class='ocr_par' dir='ltr' id='par_1_16' title="bbox 1053 5516 1239 5575">
     <span class='ocr_line' id='line_1_99' title="bbox 1053 5516 1239 5575; baseline 0 0"><span class='ocrx_word' id='word_1_803' title='bbox 1053 5516 1239 5575; x_wconf 63' lang='grc' dir='ltr'>ΟΜΝ</span> 
     </span>
    </p>
   </div>
   <div class='ocr_carea' id='block_1_17' title="bbox 313 5640 1123 6178">
    <p class='ocr_par' dir='ltr' id='par_1_17' title="bbox 313 5640 1123 6001">
     <span class='ocr_line' id='line_1_100' title="bbox 364 5640 1122 5717; baseline 0.005 -24"><span class='ocrx_word' id='word_1_804' title='bbox 364 5640 385 5693; x_wconf 93' lang='grc' dir='ltr'>Ι.</span> <span class='ocrx_word' id='word_1_805' title='bbox 405 5640 542 5699; x_wconf 75' lang='lat' dir='ltr'>dotianus.</span> <span class='ocrx_word' id='word_1_806' title='bbox 564 5642 709 5699; x_wconf 84' lang='lat' dir='ltr'>Cornuiode</span> <span class='ocrx_word' id='word_1_807' title='bbox 731 5645 867 5700; x_wconf 84' lang='lat' dir='ltr'>nobiseum</span> <span class='ocrx_word' id='word_1_808' title='bbox 889 5655 1024 5717; x_wconf 90' lang='lat' dir='ltr'>ageretur,</span> <span class='ocrx_word' id='word_1_809' title='bbox 1040 5645 1061 5699; x_wconf 91' lang='lat' dir='ltr'>si</span> <span class='ocrx_word' id='word_1_810' title='bbox 1077 5652 1122 5698; x_wconf 87' lang='lat' dir='ltr'>ant</span> 
     </span>
     <span class='ocr_line' id='line_1_101' title="bbox 326 5732 1123 5809; baseline 0.014 -23"><span class='ocrx_word' id='word_1_811' title='bbox 326 5732 399 5804; x_wconf 71' lang='lat' dir='ltr'>epod</span> <span class='ocrx_word' id='word_1_812' title='bbox 413 5733 534 5789; x_wconf 88' lang='lat' dir='ltr'>eruditos</span> <span class='ocrx_word' id='word_1_813' title='bbox 546 5735 648 5806; x_wconf 80' lang='lat' dir='ltr'>iudices</span> <span class='ocrx_word' id='word_1_814' title='bbox 660 5739 794 5809; x_wconf 79' lang='lat' dir='ltr'>negotium</span> <span class='ocrx_word' id='word_1_815' title='bbox 807 5738 926 5795; x_wconf 85' lang='lat' dir='ltr'>veritatis</span> <span class='ocrx_word' id='word_1_816' title='bbox 936 5740 1003 5796; x_wconf 91' lang='lat' dir='ltr'>tueri</span> <span class='ocrx_word' id='word_1_817' title='bbox 1015 5740 1123 5797; x_wconf 88' lang='lat' dir='ltr'>daretur</span> 
     </span>
     <span class='ocr_line' id='line_1_102' title="bbox 324 5822 1122 5901; baseline 0.014 -24"><span class='ocrx_word' id='word_1_818' title='bbox 324 5822 464 5889; x_wconf 55' lang='lat' dir='ltr'>incultam</span> <span class='ocrx_word' id='word_1_819' title='bbox 485 5835 532 5881; x_wconf 87' lang='lat' dir='ltr'>ant</span> <span class='ocrx_word' id='word_1_820' title='bbox 553 5828 614 5897; x_wconf 84' lang='lat' dir='ltr'>qnia</span> <span class='ocrx_word' id='word_1_821' title='bbox 639 5828 689 5884; x_wconf 84' lang='lat' dir='ltr'>lioe</span> <span class='ocrx_word' id='word_1_822' title='bbox 712 5829 818 5884; x_wconf 89' lang='lat' dir='ltr'>interim</span> <span class='ocrx_word' id='word_1_823' title='bbox 839 5840 960 5901; x_wconf 89' lang='lat' dir='ltr'>negatur,</span> <span class='ocrx_word' id='word_1_824' title='bbox 982 5831 1025 5888; x_wconf 87' lang='lat' dir='ltr'>rei</span> <span class='ocrx_word' id='word_1_825' title='bbox 1049 5831 1122 5888; x_wconf 81' lang='lat' dir='ltr'>trullo</span> 
     </span>
     <span class='ocr_line' id='line_1_103' title="bbox 313 5913 907 6001; baseline 0.01 -33"><span class='ocrx_word' id='word_1_826' title='bbox 313 5913 515 6001; x_wconf 71' lang='lat' dir='ltr'>⁸imperitorum</span> <span class='ocrx_word' id='word_1_827' title='bbox 530 5916 770 5976; x_wconf 81' lang='lat' dir='ltr'>oltrerlieraremtrr</span> <span class='ocrx_word' id='word_1_828' title='bbox 785 5923 907 5978; x_wconf 88' lang='grc' dir='ltr'>ιιιιιΙιι.</span> 
     </span>
    </p>

    <p class='ocr_par' dir='ltr' id='par_1_18' title="bbox 322 6006 1121 6178">
     <span class='ocr_line' id='line_1_104' title="bbox 364 6006 1121 6087; baseline 0.016 -26"><span class='ocrx_word' id='word_1_829' title='bbox 364 6007 544 6063; x_wconf 70' lang='lat' dir='ltr'>besuenses.</span> <span class='ocrx_word' id='word_1_830' title='bbox 565 6006 642 6064; x_wconf 84' lang='lat' dir='ltr'>Tales</span> <span class='ocrx_word' id='word_1_831' title='bbox 663 6021 735 6067; x_wconf 87' lang='lat' dir='ltr'>certe</span> <span class='ocrx_word' id='word_1_832' title='bbox 755 6012 874 6068; x_wconf 84' lang='lat' dir='ltr'>eruditos</span> <span class='ocrx_word' id='word_1_833' title='bbox 894 6015 997 6083; x_wconf 88' lang='lat' dir='ltr'>judices</span> <span class='ocrx_word' id='word_1_834' title='bbox 1014 6018 1121 6087; x_wconf 72' lang='lat' dir='ltr'>orieris,</span> 
     </span>
     <span class='ocr_line' id='line_1_105' title="bbox 322 6097 1121 6178; baseline 0.02 -30"><span class='ocrx_word' id='word_1_835' title='bbox 322 6098 372 6167; x_wconf 65' lang='lat' dir='ltr'>oni</span> <span class='ocrx_word' id='word_1_836' title='bbox 395 6097 443 6154; x_wconf 78' lang='lat' dir='ltr'>ruisi</span> <span class='ocrx_word' id='word_1_837' title='bbox 466 6098 563 6154; x_wconf 87' lang='lat' dir='ltr'>toenm</span> <span class='ocrx_word' id='word_1_838' title='bbox 582 6101 679 6157; x_wconf 81' lang='lat' dir='ltr'>cietriti</span> <span class='ocrx_word' id='word_1_839' title='bbox 694 6113 719 6157; x_wconf 93' lang='lat' dir='ltr'>et</span> <span class='ocrx_word' id='word_1_840' title='bbox 735 6104 820 6158; x_wconf 83' lang='lat' dir='ltr'>ortiati</span> <span class='ocrx_word' id='word_1_841' title='bbox 837 6105 989 6162; x_wconf 74' lang='lat' dir='ltr'>iiinraiiims</span> <span class='ocrx_word' id='word_1_842' title='bbox 1003 6109 1029 6162; x_wconf 84' lang='lat' dir='ltr'>di</span> <span class='ocrx_word' id='word_1_843' title='bbox 1046 6111 1121 6178; x_wconf 77' lang='lat' dir='ltr'>ripil-</span> 
     </span>
    </p>
   </div>
   <div class='ocr_carea' id='block_1_18' title="bbox 1175 5638 1969 6079">
    <p class='ocr_par' dir='ltr' id='par_1_19' title="bbox 1175 5638 1969 6079">
     <span class='ocr_line' id='line_1_106' title="bbox 1176 5638 1969 5716; baseline 0.009 -22"><span class='ocrx_word' id='word_1_844' title='bbox 1176 5638 1230 5705; x_wconf 88' lang='lat' dir='ltr'>nis,</span> <span class='ocrx_word' id='word_1_845' title='bbox 1247 5653 1334 5710; x_wconf 83' lang='lat' dir='ltr'>neque</span> <span class='ocrx_word' id='word_1_846' title='bbox 1356 5640 1537 5711; x_wconf 78' lang='lat' dir='ltr'>ignoraverint</span> <span class='ocrx_word' id='word_1_847' title='bbox 1553 5643 1616 5713; x_wconf 83' lang='lat' dir='ltr'>quid</span> <span class='ocrx_word' id='word_1_848' title='bbox 1638 5646 1770 5703; x_wconf 85' lang='lat' dir='ltr'>senserint</span> <span class='ocrx_word' id='word_1_849' title='bbox 1790 5647 1870 5704; x_wconf 91' lang='lat' dir='ltr'>etiam</span> <span class='ocrx_word' id='word_1_850' title='bbox 1891 5646 1969 5716; x_wconf 63' lang='lat' dir='ltr'>burins</span> 
     </span>
     <span class='ocr_line' id='line_1_107' title="bbox 1175 5729 1969 5807; baseline 0.008 -23"><span class='ocrx_word' id='word_1_851' title='bbox 1175 5729 1269 5785; x_wconf 90' lang='lat' dir='ltr'>mundi</span> <span class='ocrx_word' id='word_1_852' title='bbox 1282 5731 1291 5762; x_wconf 89' lang='lat'>¹</span> <span class='ocrx_word' id='word_1_853' title='bbox 1305 5731 1465 5801; x_wconf 84' lang='lat' dir='ltr'>pliilosoplri,</span> <span class='ocrx_word' id='word_1_854' title='bbox 1481 5732 1514 5787; x_wconf 86' lang='grc' dir='ltr'>ιιι</span> <span class='ocrx_word' id='word_1_855' title='bbox 1531 5733 1583 5789; x_wconf 89' lang='lat' dir='ltr'>tois</span> <span class='ocrx_word' id='word_1_856' title='bbox 1600 5734 1679 5792; x_wconf 89' lang='lat' dir='ltr'>dictis</span> <span class='ocrx_word' id='word_1_857' title='bbox 1697 5737 1817 5807; x_wconf 81' lang='lat' dir='ltr'>judicare</span> <span class='ocrx_word' id='word_1_858' title='bbox 1835 5752 1887 5790; x_wconf 92' lang='lat' dir='ltr'>non</span> <span class='ocrx_word' id='word_1_859' title='bbox 1908 5750 1969 5804; x_wconf 86' lang='lat' dir='ltr'>pos-</span> 
     </span>
     <span class='ocr_line' id='line_1_108' title="bbox 1176 5818 1969 5898; baseline 0.005 -22"><span class='ocrx_word' id='word_1_860' title='bbox 1176 5818 1243 5876; x_wconf 83' lang='lat' dir='ltr'>sint.</span> <span class='ocrx_word' id='word_1_861' title='bbox 1256 5819 1329 5876; x_wconf 84' lang='lat' dir='ltr'>Talis</span> <span class='ocrx_word' id='word_1_862' title='bbox 1344 5823 1387 5877; x_wconf 85' lang='lat' dir='ltr'>iric</span> <span class='ocrx_word' id='word_1_863' title='bbox 1401 5832 1458 5877; x_wconf 90' lang='lat' dir='ltr'>erat</span> <span class='ocrx_word' id='word_1_864' title='bbox 1469 5823 1637 5890; x_wconf 83' lang='lat' dir='ltr'>dntbrosius,</span> <span class='ocrx_word' id='word_1_865' title='bbox 1653 5843 1732 5898; x_wconf 81' lang='lat' dir='ltr'>quem</span> <span class='ocrx_word' id='word_1_866' title='bbox 1745 5827 1862 5896; x_wconf 86' lang='lat' dir='ltr'>judicem</span> <span class='ocrx_word' id='word_1_867' title='bbox 1877 5825 1900 5878; x_wconf 91' lang='lat' dir='ltr'>si</span> <span class='ocrx_word' id='word_1_868' title='bbox 1916 5839 1969 5880; x_wconf 89' lang='lat' dir='ltr'>non</span> 
     </span>
     <span class='ocr_line' id='line_1_109' title="bbox 1175 5911 1968 5990; baseline 0.001 -21"><span class='ocrx_word' id='word_1_869' title='bbox 1175 5914 1283 5983; x_wconf 84' lang='lat' dir='ltr'>relegis,</span> <span class='ocrx_word' id='word_1_870' title='bbox 1294 5911 1415 5970; x_wconf 86' lang='lat' dir='ltr'>dubitare</span> <span class='ocrx_word' id='word_1_871' title='bbox 1429 5932 1480 5970; x_wconf 87' lang='grc' dir='ltr'>ιιιιι</span> <span class='ocrx_word' id='word_1_872' title='bbox 1494 5916 1586 5983; x_wconf 82' lang='lat' dir='ltr'>debes,</span> <span class='ocrx_word' id='word_1_873' title='bbox 1599 5919 1744 5990; x_wconf 84' lang='lat' dir='ltr'>justissime</span> <span class='ocrx_word' id='word_1_874' title='bbox 1754 5928 1780 5973; x_wconf 90' lang='lat' dir='ltr'>te</span> <span class='ocrx_word' id='word_1_875' title='bbox 1792 5932 1851 5972; x_wconf 84' lang='lat' dir='ltr'>csse</span> <span class='ocrx_word' id='word_1_876' title='bbox 1860 5915 1968 5970; x_wconf 85' lang='lat' dir='ltr'>darona-</span> 
     </span>
     <span class='ocr_line' id='line_1_110' title="bbox 1176 6005 1966 6079; baseline 0.008 -21"><span class='ocrx_word' id='word_1_877' title='bbox 1176 6014 1241 6060; x_wconf 91' lang='lat' dir='ltr'>tmn.</span> <span class='ocrx_word' id='word_1_878' title='bbox 1267 6005 1313 6061; x_wconf 87' lang='lat' dir='ltr'>ille</span> <span class='ocrx_word' id='word_1_879' title='bbox 1326 6005 1397 6060; x_wconf 90' lang='lat' dir='ltr'>caim</span> <span class='ocrx_word' id='word_1_880' title='bbox 1410 6006 1474 6060; x_wconf 75' lang='lat' dir='ltr'>duxlt</span> <span class='ocrx_word' id='word_1_881' title='bbox 1490 6052 1496 6070; x_wconf 87' lang='lat'>,</span> <span class='ocrx_word' id='word_1_882' title='bbox 1515 6030 1524 6063; x_wconf 86' lang='grc' dir='ltr'>ι</span> <span class='ocrx_word' id='word_1_883' title='bbox 1539 6012 1636 6069; x_wconf 72' lang='lat' dir='ltr'>detines</span> <span class='ocrx_word' id='word_1_884' title='bbox 1652 6011 1772 6068; x_wconf 83' lang='lat' dir='ltr'>iiornines</span> <span class='ocrx_word' id='word_1_885' title='bbox 1786 6010 1836 6064; x_wconf 82' lang='lat' dir='ltr'>suli</span> <span class='ocrx_word' id='word_1_886' title='bbox 1857 6021 1966 6079; x_wconf 70' lang='lat' dir='ltr'>pertento</span> 
     </span>
    </p>
   </div>
   <div class='ocr_carea' id='block_1_19' title="bbox 1204 6121 1562 6183">
    <p class='ocr_par' dir='ltr' id='par_1_20' title="bbox 1204 6121 1562 6183">
     <span class='ocr_line' id='line_1_111' title="bbox 1204 6121 1562 6183; baseline 0.003 -13"><span class='ocrx_word' id='word_1_887' title='bbox 1204 6122 1270 6172; x_wconf 79' lang='lat' dir='ltr'>&#39;lias</span> <span class='ocrx_word' id='word_1_888' title='bbox 1288 6121 1344 6172; x_wconf 87' lang='lat' dir='ltr'>liar.</span> <span class='ocrx_word' id='word_1_889' title='bbox 1363 6133 1386 6174; x_wconf 90' lang='grc' dir='ltr'>ιι</span> <span class='ocrx_word' id='word_1_890' title='bbox 1403 6135 1477 6183; x_wconf 72' lang='lat' dir='ltr'>nort..</span> <span class='ocrx_word' id='word_1_891' title='bbox 1492 6125 1562 6174; x_wconf 62' lang='lat' dir='ltr'>vrarii.</span> 
     </span>
    </p>
   </div>
   <div class='ocr_carea' id='block_1_20' title="bbox 0 0 2454 6884">
    <p class='ocr_par' dir='ltr' id='par_1_21' title="bbox 0 0 2454 6884">
     <span class='ocr_line' id='line_1_112' title="bbox 0 0 2454 6884; baseline 0 0"><span class='ocrx_word' id='word_1_892' title='bbox 0 0 2454 6884; x_wconf 95' lang='lat' dir='ltr'> </span> 
     </span>
    </p>
   </div>
  </div>
 </body>
</html>
