<?xml version="1.0" encoding="UTF-8"?>
<!DOCTYPE html PUBLIC "-//W3C//DTD XHTML 1.0 Transitional//EN"
    "http://www.w3.org/TR/xhtml1/DTD/xhtml1-transitional.dtd">
<html xmlns="http://www.w3.org/1999/xhtml" xml:lang="en" lang="en">
 <head>
  <title>
</title>
<meta http-equiv="Content-Type" content="text/html;charset=utf-8" />
  <meta name='ocr-system' content='tesseract 3.04.00' />
  <meta name='ocr-capabilities' content='ocr_page ocr_carea ocr_par ocr_line ocrx_word'/>
</head>
<body>
  <div class='ocr_page' id='page_1' title='image "./patrologiaecurs58unkngoog/patrologiaecurs58unkngoog_0248.png"; bbox 0 0 4900 6892; ppageno 0'>
   <div class='ocr_carea' id='block_1_1' title="bbox 417 685 1230 1793">
    <p class='ocr_par' dir='ltr' id='par_1_1' title="bbox 417 685 1230 1793">
     <span class='ocr_line' id='line_1_1' title="bbox 428 685 494 742; baseline -0.045 0"><span class='ocrx_word' id='word_1_1' title='bbox 428 685 494 742; x_wconf 70' lang='lat' dir='ltr'>lidi</span> 
     </span>
     <span class='ocr_line' id='line_1_2' title="bbox 425 791 1218 866; baseline -0.001 -17"><span class='ocrx_word' id='word_1_2' title='bbox 425 794 477 849; x_wconf 83' lang='lat' dir='ltr'>ot&#39;tu</span> <span class='ocrx_word' id='word_1_3' title='bbox 495 802 532 849; x_wconf 84' lang='grc' dir='ltr'>ιιι</span> <span class='ocrx_word' id='word_1_4' title='bbox 546 799 647 864; x_wconf 83' lang='lat' dir='ltr'>propter</span> <span class='ocrx_word' id='word_1_5' title='bbox 662 791 789 863; x_wconf 71' lang='lat' dir='ltr'>jactitem</span> <span class='ocrx_word' id='word_1_6' title='bbox 800 833 807 846; x_wconf 90' lang='lat'><em>.</em></span> <span class='ocrx_word' id='word_1_7' title='bbox 820 793 845 845; x_wconf 84' lang='lat' dir='ltr'>si</span> <span class='ocrx_word' id='word_1_8' title='bbox 855 801 937 846; x_wconf 87' lang='lat' dir='ltr'>nutem</span> <span class='ocrx_word' id='word_1_9' title='bbox 961 792 1066 863; x_wconf 82' lang='lat' dir='ltr'>spiritus</span> <span class='ocrx_word' id='word_1_10' title='bbox 1087 795 1158 866; x_wconf 71' lang='lat' dir='ltr'>epbs,</span> <span class='ocrx_word' id='word_1_11' title='bbox 1172 794 1218 863; x_wconf 77' lang='lat' dir='ltr'>nsi</span> 
     </span>
     <span class='ocr_line' id='line_1_3' title="bbox 425 884 1214 954; baseline -0.004 -13"><span class='ocrx_word' id='word_1_12' title='bbox 425 886 555 942; x_wconf 82' lang='lat' dir='ltr'>suscitarit</span> <span class='ocrx_word' id='word_1_13' title='bbox 567 885 655 940; x_wconf 80' lang='lat' dir='ltr'>lesum</span> <span class='ocrx_word' id='word_1_14' title='bbox 668 900 684 937; x_wconf 93' lang='lat' dir='ltr'>o</span> <span class='ocrx_word' id='word_1_15' title='bbox 698 885 813 949; x_wconf 80' lang='lat' dir='ltr'>mortuis,</span> <span class='ocrx_word' id='word_1_16' title='bbox 829 884 924 939; x_wconf 77' lang='lat' dir='ltr'>boliten</span> <span class='ocrx_word' id='word_1_17' title='bbox 937 886 962 938; x_wconf 84' lang='lat' dir='ltr'>iu</span> <span class='ocrx_word' id='word_1_18' title='bbox 975 884 1043 940; x_wconf 82' lang='lat' dir='ltr'>cedis</span> <span class='ocrx_word' id='word_1_19' title='bbox 1054 885 1081 950; x_wconf 86' lang='lat'>¹,</span> <span class='ocrx_word' id='word_1_20' title='bbox 1101 886 1214 954; x_wconf 76' lang='lat' dir='ltr'>oioiiico·</span> 
     </span>
     <span class='ocr_line' id='line_1_4' title="bbox 425 974 1213 1046; baseline 0 -16"><span class='ocrx_word' id='word_1_21' title='bbox 425 978 461 1030; x_wconf 85' lang='lat' dir='ltr'>tit</span> <span class='ocrx_word' id='word_1_22' title='bbox 475 984 498 1031; x_wconf 85' lang='lat' dir='ltr'>et</span> <span class='ocrx_word' id='word_1_23' title='bbox 512 974 628 1029; x_wconf 84' lang='lat' dir='ltr'>niortolio</span> <span class='ocrx_word' id='word_1_24' title='bbox 641 989 748 1038; x_wconf 81' lang='lat' dir='ltr'>corporo</span> <span class='ocrx_word' id='word_1_25' title='bbox 762 984 843 1028; x_wconf 80' lang='lat' dir='ltr'>oestro</span> <span class='ocrx_word' id='word_1_26' title='bbox 865 990 909 1045; x_wconf 85' lang='lat' dir='ltr'>per</span> <span class='ocrx_word' id='word_1_27' title='bbox 920 977 931 1008; x_wconf 65' lang='lat'>2</span> <span class='ocrx_word' id='word_1_28' title='bbox 943 975 1123 1030; x_wconf 75' lang='lat' dir='ltr'>inhabitantem</span> <span class='ocrx_word' id='word_1_29' title='bbox 1136 976 1213 1046; x_wconf 86' lang='lat' dir='ltr'>spiri-</span> 
     </span>
     <span class='ocr_line' id='line_1_5' title="bbox 425 1064 1215 1138; baseline 0.001 -16"><span class='ocrx_word' id='word_1_30' title='bbox 425 1078 477 1122; x_wconf 86' lang='lat' dir='ltr'>tum</span> <span class='ocrx_word' id='word_1_31' title='bbox 489 1067 544 1136; x_wconf 62' lang='lat' dir='ltr'>dur</span> <span class='ocrx_word' id='word_1_32' title='bbox 557 1065 582 1120; x_wconf 84' lang='lat' dir='ltr'>ia</span> <span class='ocrx_word' id='word_1_33' title='bbox 594 1066 663 1120; x_wconf 84' lang='lat' dir='ltr'>nolis</span> <span class='ocrx_word' id='word_1_34' title='bbox 679 1064 764 1138; x_wconf 79' lang='lat' dir='ltr'>(liora.</span> <span class='ocrx_word' id='word_1_35' title='bbox 782 1080 840 1134; x_wconf 84' lang='lat' dir='ltr'>urit,</span> <span class='ocrx_word' id='word_1_36' title='bbox 856 1066 898 1133; x_wconf 86' lang='lat' dir='ltr'>in,</span> <span class='ocrx_word' id='word_1_37' title='bbox 916 1065 1062 1138; x_wconf 81' lang='lat' dir='ltr'>ll)?Qnid</span> <span class='ocrx_word' id='word_1_38' title='bbox 1073 1069 1215 1137; x_wconf 75' lang='lat' dir='ltr'>apertius?</span> 
     </span>
     <span class='ocr_line' id='line_1_6' title="bbox 417 1156 1214 1230; baseline 0.003 -16"><span class='ocrx_word' id='word_1_39' title='bbox 417 1177 433 1230; x_wconf 88' lang='lat' dir='ltr'>q</span> <span class='ocrx_word' id='word_1_40' title='bbox 441 1156 485 1213; x_wconf 92' lang='lat' dir='ltr'>uid</span> <span class='ocrx_word' id='word_1_41' title='bbox 507 1156 641 1214; x_wconf 75' lang='lat' dir='ltr'>lucidius?</span> <span class='ocrx_word' id='word_1_42' title='bbox 653 1157 732 1227; x_wconf 82' lang='lat' dir='ltr'>Quis,</span> <span class='ocrx_word' id='word_1_43' title='bbox 747 1174 828 1229; x_wconf 85' lang='lat' dir='ltr'>rugo,</span> <span class='ocrx_word' id='word_1_44' title='bbox 843 1168 935 1214; x_wconf 89' lang='lat' dir='ltr'>contra</span> <span class='ocrx_word' id='word_1_45' title='bbox 960 1160 1037 1215; x_wconf 87' lang='lat' dir='ltr'>istam</span> <span class='ocrx_word' id='word_1_46' title='bbox 1060 1159 1214 1216; x_wconf 75' lang='lat' dir='ltr'>manifesta·</span> 
     </span>
     <span class='ocr_line' id='line_1_7' title="bbox 421 1248 1212 1324; baseline 0.008 -22"><span class='ocrx_word' id='word_1_47' title='bbox 421 1248 533 1313; x_wconf 86' lang='lat' dir='ltr'>tionem,</span> <span class='ocrx_word' id='word_1_48' title='bbox 548 1248 598 1303; x_wconf 90' lang='lat' dir='ltr'>nisi</span> <span class='ocrx_word' id='word_1_49' title='bbox 611 1249 735 1304; x_wconf 81' lang='lat' dir='ltr'>haeretica</span> <span class='ocrx_word' id='word_1_50' title='bbox 755 1251 871 1315; x_wconf 85' lang='lat' dir='ltr'>insania,</span> <span class='ocrx_word' id='word_1_51' title='bbox 886 1261 996 1322; x_wconf 89' lang='lat' dir='ltr'>negaret</span> <span class='ocrx_word' id='word_1_52' title='bbox 1008 1251 1136 1322; x_wconf 72' lang='lat' dir='ltr'><strong>originale</strong></span> <span class='ocrx_word' id='word_1_53' title='bbox 1147 1266 1212 1324; x_wconf 87' lang='lat' dir='ltr'>pec·</span> 
     </span>
     <span class='ocr_line' id='line_1_8' title="bbox 419 1338 1212 1411; baseline 0.004 -18"><span class='ocrx_word' id='word_1_54' title='bbox 419 1338 531 1394; x_wconf 74' lang='lat' dir='ltr'>catum?</span> <span class='ocrx_word' id='word_1_55' title='bbox 545 1338 658 1410; x_wconf 81' lang='lat' dir='ltr'>Propter</span> <span class='ocrx_word' id='word_1_56' title='bbox 680 1340 750 1411; x_wconf 89' lang='lat' dir='ltr'>quod</span> <span class='ocrx_word' id='word_1_57' title='bbox 765 1349 902 1410; x_wconf 88' lang='lat' dir='ltr'>peceatum</span> <span class='ocrx_word' id='word_1_58' title='bbox 925 1342 1005 1396; x_wconf 89' lang='lat' dir='ltr'>etiam</span> <span class='ocrx_word' id='word_1_59' title='bbox 1028 1356 1099 1396; x_wconf 91' lang='lat' dir='ltr'>nune</span> <span class='ocrx_word' id='word_1_60' title='bbox 1120 1342 1212 1411; x_wconf 88' lang='lat' dir='ltr'>utique</span> 
     </span>
     <span class='ocr_line' id='line_1_9' title="bbox 425 1429 1209 1504; baseline 0.008 -22"><span class='ocrx_word' id='word_1_61' title='bbox 425 1429 512 1486; x_wconf 89' lang='lat' dir='ltr'>adnue</span> <span class='ocrx_word' id='word_1_62' title='bbox 534 1445 631 1501; x_wconf 89' lang='lat' dir='ltr'>corpus</span> <span class='ocrx_word' id='word_1_63' title='bbox 655 1439 696 1486; x_wconf 90' lang='lat' dir='ltr'>esi</span> <span class='ocrx_word' id='word_1_64' title='bbox 718 1440 851 1488; x_wconf 91' lang='lat' dir='ltr'>mortuum</span> <span class='ocrx_word' id='word_1_65' title='bbox 864 1449 871 1498; x_wconf 93' lang='grc'>;</span> <span class='ocrx_word' id='word_1_66' title='bbox 886 1431 1007 1502; x_wconf 79' lang='lat' dir='ltr'>quamuis</span> <span class='ocrx_word' id='word_1_67' title='bbox 1026 1431 1082 1498; x_wconf 80' lang='lat' dir='ltr'>iam</span> <span class='ocrx_word' id='word_1_68' title='bbox 1102 1441 1209 1504; x_wconf 86' lang='lat' dir='ltr'>propter</span> 
     </span>
     <span class='ocr_line' id='line_1_10' title="bbox 419 1514 1208 1595; baseline 0.004 -19"><span class='ocrx_word' id='word_1_69' title='bbox 419 1521 549 1592; x_wconf 83' lang='lat' dir='ltr'>justitiam</span> <span class='ocrx_word' id='word_1_70' title='bbox 560 1524 613 1578; x_wconf 86' lang='lat' dir='ltr'>rita</span> <span class='ocrx_word' id='word_1_71' title='bbox 627 1524 661 1579; x_wconf 88' lang='lat' dir='ltr'>sit</span> <span class='ocrx_word' id='word_1_72' title='bbox 673 1521 792 1595; x_wconf 87' lang='lat' dir='ltr'>spiritus.</span> <span class='ocrx_word' id='word_1_73' title='bbox 804 1523 856 1578; x_wconf 79' lang='lat' dir='ltr'>Sed</span> <span class='ocrx_word' id='word_1_74' title='bbox 869 1523 1013 1592; x_wconf 74' lang='lat' dir='ltr'>virinensis,</span> <span class='ocrx_word' id='word_1_75' title='bbox 1028 1523 1124 1594; x_wconf 88' lang='lat' dir='ltr'>inquit,</span> <span class='ocrx_word' id='word_1_76' title='bbox 1138 1514 1208 1579; x_wconf 83' lang='lat' dir='ltr'>bens</span> 
     </span>
     <span class='ocr_line' id='line_1_11' title="bbox 420 1613 1208 1694; baseline 0.001 -25"><span class='ocrx_word' id='word_1_77' title='bbox 420 1624 444 1669; x_wconf 84' lang='lat' dir='ltr'>et</span> <span class='ocrx_word' id='word_1_78' title='bbox 457 1616 574 1670; x_wconf 83' lang='lat' dir='ltr'>ritortolio</span> <span class='ocrx_word' id='word_1_79' title='bbox 594 1631 701 1694; x_wconf 80' lang='lat' dir='ltr'>corporo</span> <span class='ocrx_word' id='word_1_80' title='bbox 713 1624 806 1670; x_wconf 85' lang='lat' dir='ltr'>oestro.</span> <span class='ocrx_word' id='word_1_81' title='bbox 819 1614 884 1683; x_wconf 82' lang='lat' dir='ltr'>Qrtis</span> <span class='ocrx_word' id='word_1_82' title='bbox 896 1613 1041 1671; x_wconf 68' lang='lat' dir='ltr'><strong>oblatraret</strong></span> <span class='ocrx_word' id='word_1_83' title='bbox 1057 1614 1119 1670; x_wconf 87' lang='lat' dir='ltr'>bule</span> <span class='ocrx_word' id='word_1_84' title='bbox 1137 1615 1208 1670; x_wconf 80' lang='lat' dir='ltr'>teri-</span> 
     </span>
     <span class='ocr_line' id='line_1_12' title="bbox 452 1710 1230 1793; baseline 0.005 -19"><span class='ocrx_word' id='word_1_85' title='bbox 452 1725 520 1775; x_wconf 83' lang='lat' dir='ltr'>¹itie</span> <span class='ocrx_word' id='word_1_86' title='bbox 541 1725 619 1777; x_wconf 83' lang='lat' dir='ltr'>codex</span> <span class='ocrx_word' id='word_1_87' title='bbox 644 1733 706 1778; x_wconf 78' lang='lat' dir='ltr'>nort.</span> <span class='ocrx_word' id='word_1_88' title='bbox 730 1726 833 1790; x_wconf 86' lang='lat' dir='ltr'>repetii,</span> <span class='ocrx_word' id='word_1_89' title='bbox 850 1723 893 1793; x_wconf 80' lang='lat' dir='ltr'>qui</span> <span class='ocrx_word' id='word_1_90' title='bbox 912 1722 1171 1787; x_wconf 70' lang='lat' dir='ltr'>commeruissem</span> <span class='ocrx_word' id='word_1_91' title='bbox 1192 1710 1230 1778; x_wconf 46' lang='lat' dir='ltr'>o*</span> 
     </span>
    </p>
   </div>
   <div class='ocr_carea' id='block_1_2' title="bbox 419 1786 668 1913">
    <p class='ocr_par' dir='ltr' id='par_1_2' title="bbox 419 1786 668 1913">
     <span class='ocr_line' id='line_1_13' title="bbox 419 1786 527 1837; baseline -0.009 -2"><span class='ocrx_word' id='word_1_92' title='bbox 419 1786 527 1837; x_wconf 70' lang='lat' dir='ltr'>mortim.</span> 
     </span>
     <span class='ocr_line' id='line_1_14' title="bbox 452 1849 668 1913; baseline 0.009 -17"><span class='ocrx_word' id='word_1_93' title='bbox 452 1849 462 1880; x_wconf 89' lang='lat'><strong>¹</strong></span> <span class='ocrx_word' id='word_1_94' title='bbox 479 1849 552 1907; x_wconf 81' lang='lat' dir='ltr'>nini.</span> <span class='ocrx_word' id='word_1_95' title='bbox 561 1856 668 1913; x_wconf 83' lang='lat' dir='ltr'>propter.</span> 
     </span>
    </p>
   </div>
   <div class='ocr_carea' id='block_1_3' title="bbox 767 676 1719 744">
    <p class='ocr_par' dir='ltr' id='par_1_3' title="bbox 767 676 1719 744">
     <span class='ocr_line' id='line_1_15' title="bbox 767 676 1719 744; baseline -0.007 -6"><span class='ocrx_word' id='word_1_96' title='bbox 767 681 889 739; x_wconf 70' lang='lat' dir='ltr'>oannis</span> <span class='ocrx_word' id='word_1_97' title='bbox 907 680 1115 744; x_wconf 72' lang='lat' dir='ltr'>intentanti</span> <span class='ocrx_word' id='word_1_98' title='bbox 1133 680 1270 738; x_wconf 79' lang='lat' dir='ltr'>celitus</span> <span class='ocrx_word' id='word_1_99' title='bbox 1287 680 1466 744; x_wconf 74' lang='lat' dir='ltr'>inlinunt.</span> <span class='ocrx_word' id='word_1_100' title='bbox 1487 683 1514 739; x_wconf 71' lang='lat' dir='ltr'>S</span> <span class='ocrx_word' id='word_1_101' title='bbox 1535 676 1719 743; x_wconf 82' lang='lat' dir='ltr'>aucnstiitt</span> 
     </span>
    </p>
   </div>
   <div class='ocr_carea' id='block_1_4' title="bbox 1990 684 2065 741">
    <p class='ocr_par' dir='ltr' id='par_1_4' title="bbox 1990 684 2065 741">
     <span class='ocr_line' id='line_1_16' title="bbox 1990 684 2065 741; baseline 0.013 -1"><span class='ocrx_word' id='word_1_102' title='bbox 1990 684 2065 741; x_wconf 71' lang='lat' dir='ltr'>itte</span> 
     </span>
    </p>
   </div>
   <div class='ocr_carea' id='block_1_5' title="bbox 1260 784 2106 1868">
    <p class='ocr_par' dir='ltr' id='par_1_5' title="bbox 1260 784 2106 1868">
     <span class='ocr_line' id='line_1_17' title="bbox 1270 784 2061 869; baseline 0.011 -21"><span class='ocrx_word' id='word_1_103' title='bbox 1270 795 1333 857; x_wconf 81' lang='lat' dir='ltr'>inti,</span> <span class='ocrx_word' id='word_1_104' title='bbox 1349 795 1400 848; x_wconf 89' lang='lat' dir='ltr'>nisi</span> <span class='ocrx_word' id='word_1_105' title='bbox 1416 795 1503 849; x_wconf 82' lang='lat' dir='ltr'>rabies</span> <span class='ocrx_word' id='word_1_106' title='bbox 1515 784 1646 859; x_wconf 73' lang='lat' dir='ltr'>miniatis,</span> <span class='ocrx_word' id='word_1_107' title='bbox 1661 813 1720 867; x_wconf 74' lang='lat' dir='ltr'>qtae.</span> <span class='ocrx_word' id='word_1_108' title='bbox 1733 812 1762 851; x_wconf 90' lang='lat' dir='ltr'>se</span> <span class='ocrx_word' id='word_1_109' title='bbox 1773 795 1855 867; x_wconf 63' lang='lat' dir='ltr'>itciat</span> <span class='ocrx_word' id='word_1_110' title='bbox 1867 800 1932 854; x_wconf 78' lang='lat' dir='ltr'>reniti</span> <span class='ocrx_word' id='word_1_111' title='bbox 1943 802 2061 869; x_wconf 71' lang='grc' dir='ltr'>οριιιὶοιιι</span> 
     </span>
     <span class='ocr_line' id='line_1_18' title="bbox 1268 885 2060 959; baseline 0.015 -23"><span class='ocrx_word' id='word_1_112' title='bbox 1268 895 1343 955; x_wconf 79' lang='lat' dir='ltr'>utque</span> <span class='ocrx_word' id='word_1_113' title='bbox 1355 885 1496 939; x_wconf 83' lang='lat' dir='ltr'>oduioiioui</span> <span class='ocrx_word' id='word_1_114' title='bbox 1511 889 1653 941; x_wconf 81' lang='lat' dir='ltr'>auscultare</span> <span class='ocrx_word' id='word_1_115' title='bbox 1675 889 1700 941; x_wconf 86' lang='lat' dir='ltr'>in</span> <span class='ocrx_word' id='word_1_116' title='bbox 1716 890 1840 941; x_wconf 80' lang='lat' dir='ltr'>inueniant</span> <span class='ocrx_word' id='word_1_117' title='bbox 1854 892 1979 959; x_wconf 75' lang='lat' dir='ltr'>equitatio</span> <span class='ocrx_word' id='word_1_118' title='bbox 1993 891 2060 947; x_wconf 75' lang='lat' dir='ltr'>eist-</span> 
     </span>
     <span class='ocr_line' id='line_1_19' title="bbox 1268 977 2058 1055; baseline 0.019 -28"><span class='ocrx_word' id='word_1_119' title='bbox 1268 991 1329 1041; x_wconf 79' lang='lat' dir='ltr'>me‚·</span> <span class='ocrx_word' id='word_1_120' title='bbox 1348 991 1408 1030; x_wconf 90' lang='lat' dir='ltr'>cnm</span> <span class='ocrx_word' id='word_1_121' title='bbox 1430 977 1518 1045; x_wconf 91' lang='lat' dir='ltr'>potius</span> <span class='ocrx_word' id='word_1_122' title='bbox 1530 979 1680 1048; x_wconf 74' lang='lat' dir='ltr'>equitatem</span> <span class='ocrx_word' id='word_1_123' title='bbox 1695 979 1809 1034; x_wconf 85' lang='lat' dir='ltr'>divinam</span> <span class='ocrx_word' id='word_1_124' title='bbox 1825 996 1924 1052; x_wconf 88' lang='lat' dir='ltr'>negare</span> <span class='ocrx_word' id='word_1_125' title='bbox 1936 995 2058 1055; x_wconf 83' lang='lat' dir='ltr'>cogatur.</span> 
     </span>
     <span class='ocr_line' id='line_1_20' title="bbox 1267 1066 2061 1139; baseline 0.016 -20"><span class='ocrx_word' id='word_1_126' title='bbox 1267 1066 1385 1136; x_wconf 71' lang='lat' dir='ltr'>quisquis</span> <span class='ocrx_word' id='word_1_127' title='bbox 1399 1066 1525 1137; x_wconf 87' lang='lat' dir='ltr'>deceptus</span> <span class='ocrx_word' id='word_1_128' title='bbox 1549 1069 1655 1124; x_wconf 89' lang='lat' dir='ltr'>inerita</span> <span class='ocrx_word' id='word_1_129' title='bbox 1674 1070 1769 1126; x_wconf 83' lang='lat' dir='ltr'>vobis?</span> <span class='ocrx_word' id='word_1_130' title='bbox 1782 1070 1913 1139; x_wconf 82' lang='lat' dir='ltr'>Quoniam</span> <span class='ocrx_word' id='word_1_131' title='bbox 1937 1083 1975 1129; x_wconf 94' lang='lat' dir='ltr'>tot</span> <span class='ocrx_word' id='word_1_132' title='bbox 1997 1077 2061 1133; x_wconf 79' lang='lat' dir='ltr'>sitia</span> 
     </span>
     <span class='ocr_line' id='line_1_21' title="bbox 1266 1159 2061 1236; baseline 0.016 -24"><span class='ocrx_word' id='word_1_133' title='bbox 1266 1159 1311 1216; x_wconf 84' lang='lat' dir='ltr'>rei</span> <span class='ocrx_word' id='word_1_134' title='bbox 1322 1175 1475 1230; x_wconf 89' lang='lat' dir='ltr'>corporum,</span> <span class='ocrx_word' id='word_1_135' title='bbox 1488 1163 1529 1217; x_wconf 85' lang='lat' dir='ltr'>vei</span> <span class='ocrx_word' id='word_1_136' title='bbox 1542 1163 1718 1234; x_wconf 84' lang='lat' dir='ltr'>ingeniorum,</span> <span class='ocrx_word' id='word_1_137' title='bbox 1733 1180 1793 1220; x_wconf 90' lang='lat' dir='ltr'>curo</span> <span class='ocrx_word' id='word_1_138' title='bbox 1804 1168 1901 1236; x_wconf 89' lang='lat' dir='ltr'>quibus</span> <span class='ocrx_word' id='word_1_139' title='bbox 1914 1179 2061 1225; x_wconf 84' lang='lat' dir='ltr'>nascrmtur</span> 
     </span>
     <span class='ocr_line' id='line_1_22' title="bbox 1266 1251 2055 1329; baseline 0.015 -25"><span class='ocrx_word' id='word_1_140' title='bbox 1266 1251 1399 1316; x_wconf 87' lang='lat' dir='ltr'>immines,</span> <span class='ocrx_word' id='word_1_141' title='bbox 1413 1253 1435 1307; x_wconf 91' lang='lat' dir='ltr'>si</span> <span class='ocrx_word' id='word_1_142' title='bbox 1446 1253 1544 1310; x_wconf 88' lang='lat' dir='ltr'>nullius</span> <span class='ocrx_word' id='word_1_143' title='bbox 1554 1256 1655 1325; x_wconf 88' lang='lat' dir='ltr'>pcccati</span> <span class='ocrx_word' id='word_1_144' title='bbox 1667 1256 1793 1312; x_wconf 87' lang='lat' dir='ltr'>dicuntur</span> <span class='ocrx_word' id='word_1_145' title='bbox 1803 1259 1909 1315; x_wconf 79' lang='lat' dir='ltr'>trahere</span> <span class='ocrx_word' id='word_1_146' title='bbox 1919 1258 2055 1329; x_wconf 88' lang='lat' dir='ltr'>meritum,</span> 
     </span>
     <span class='ocr_line' id='line_1_23' title="bbox 1266 1341 2106 1454; baseline 0.015 -57"><span class='ocrx_word' id='word_1_147' title='bbox 1266 1341 1358 1412; x_wconf 88' lang='lat' dir='ltr'>procul</span> <span class='ocrx_word' id='word_1_148' title='bbox 1371 1341 1453 1399; x_wconf 91' lang='lat' dir='ltr'>dubio</span> <span class='ocrx_word' id='word_1_149' title='bbox 1467 1344 1513 1400; x_wconf 83' lang='lat' dir='ltr'>ilci</span> <span class='ocrx_word' id='word_1_150' title='bbox 1532 1347 1752 1417; x_wconf 82' lang='lat' dir='ltr'>negaturjnstum</span> <span class='ocrx_word' id='word_1_151' title='bbox 1773 1364 1833 1405; x_wconf 89' lang='lat' dir='ltr'>esse</span> <span class='ocrx_word' id='word_1_152' title='bbox 1844 1351 1986 1421; x_wconf 79' lang='lat' dir='ltr'>judicium.</span> <span class='ocrx_word' id='word_1_153' title='bbox 2007 1352 2048 1409; x_wconf 78' lang='lat' dir='ltr'>lta</span> <span class='ocrx_word' id='word_1_154' title='bbox 2087 1370 2106 1454; x_wconf 44' lang='grc' dir='ltr'>ἒ·</span> 
     </span>
     <span class='ocr_line' id='line_1_24' title="bbox 1264 1435 2097 1525; baseline 0.014 -36"><span class='ocrx_word' id='word_1_155' title='bbox 1264 1451 1326 1505; x_wconf 86' lang='lat' dir='ltr'>quc,</span> <span class='ocrx_word' id='word_1_156' title='bbox 1340 1449 1400 1491; x_wconf 91' lang='lat' dir='ltr'>eum</span> <span class='ocrx_word' id='word_1_157' title='bbox 1414 1435 1542 1493; x_wconf 80' lang='lat' dir='ltr'>uolunt-ni</span> <span class='ocrx_word' id='word_1_158' title='bbox 1557 1449 1663 1508; x_wconf 85' lang='lat' dir='ltr'>peecata</span> <span class='ocrx_word' id='word_1_159' title='bbox 1677 1440 1715 1495; x_wconf 89' lang='lat' dir='ltr'>sie</span> <span class='ocrx_word' id='word_1_160' title='bbox 1726 1440 1872 1512; x_wconf 88' lang='lat' dir='ltr'>imputatis,</span> <span class='ocrx_word' id='word_1_161' title='bbox 1887 1452 1916 1499; x_wconf 93' lang='grc' dir='ltr'>οι</span> <span class='ocrx_word' id='word_1_162' title='bbox 1926 1444 2058 1500; x_wconf 73' lang='lat' dir='ltr'>colliniati</span> <span class='ocrx_word' id='word_1_163' title='bbox 2086 1468 2097 1525; x_wconf 36' lang='lat' dir='ltr'>z..</span> 
     </span>
     <span class='ocr_line' id='line_1_25' title="bbox 1264 1525 2101 1602; baseline 0.012 -24"><span class='ocrx_word' id='word_1_164' title='bbox 1264 1525 1342 1595; x_wconf 91' lang='lat' dir='ltr'>primi</span> <span class='ocrx_word' id='word_1_165' title='bbox 1357 1526 1474 1581; x_wconf 90' lang='lat' dir='ltr'>bominis</span> <span class='ocrx_word' id='word_1_166' title='bbox 1493 1527 1622 1598; x_wconf 77' lang='lat' dir='ltr'>originale</span> <span class='ocrx_word' id='word_1_167' title='bbox 1636 1539 1773 1599; x_wconf 85' lang='lat' dir='ltr'>peccatum</span> <span class='ocrx_word' id='word_1_168' title='bbox 1795 1533 1928 1602; x_wconf 91' lang='lat' dir='ltr'>imputare</span> <span class='ocrx_word' id='word_1_169' title='bbox 1948 1533 2055 1601; x_wconf 88' lang='lat' dir='ltr'>nolitis,</span> <span class='ocrx_word' id='word_1_170' title='bbox 2090 1538 2101 1557; x_wconf 81' lang='grc'>’</span> 
     </span>
     <span class='ocr_line' id='line_1_26' title="bbox 1265 1617 2053 1692; baseline 0.01 -20"><span class='ocrx_word' id='word_1_171' title='bbox 1265 1617 1355 1673; x_wconf 86' lang='lat' dir='ltr'>ornnia</span> <span class='ocrx_word' id='word_1_172' title='bbox 1370 1617 1438 1672; x_wconf 91' lang='lat' dir='ltr'>maia</span> <span class='ocrx_word' id='word_1_173' title='bbox 1450 1634 1510 1690; x_wconf 78' lang='lat' dir='ltr'>qure</span> <span class='ocrx_word' id='word_1_174' title='bbox 1522 1619 1631 1676; x_wconf 88' lang='lat' dir='ltr'>trabunt</span> <span class='ocrx_word' id='word_1_175' title='bbox 1648 1621 1691 1676; x_wconf 87' lang='lat' dir='ltr'>rel</span> <span class='ocrx_word' id='word_1_176' title='bbox 1704 1622 1842 1690; x_wconf 87' lang='lat' dir='ltr'>patiuntur</span> <span class='ocrx_word' id='word_1_177' title='bbox 1855 1623 1970 1679; x_wconf 80' lang='lat' dir='ltr'>inientes</span> <span class='ocrx_word' id='word_1_178' title='bbox 1981 1666 1989 1692; x_wconf 89' lang='lat'>,</span> <span class='ocrx_word' id='word_1_179' title='bbox 2003 1625 2053 1680; x_wconf 88' lang='lat' dir='ltr'>ini·</span> 
     </span>
     <span class='ocr_line' id='line_1_27' title="bbox 1263 1707 2057 1785; baseline 0.02 -28"><span class='ocrx_word' id='word_1_180' title='bbox 1263 1722 1315 1780; x_wconf 79' lang='lat' dir='ltr'>qzro</span> <span class='ocrx_word' id='word_1_181' title='bbox 1336 1708 1383 1763; x_wconf 82' lang='lat' dir='ltr'>ilci</span> <span class='ocrx_word' id='word_1_182' title='bbox 1402 1707 1521 1777; x_wconf 82' lang='lat' dir='ltr'>jndicio,</span> <span class='ocrx_word' id='word_1_183' title='bbox 1537 1724 1584 1766; x_wconf 86' lang='lat' dir='ltr'>eos</span> <span class='ocrx_word' id='word_1_184' title='bbox 1603 1711 1648 1781; x_wconf 91' lang='lat' dir='ltr'>qui</span> <span class='ocrx_word' id='word_1_185' title='bbox 1672 1711 1747 1767; x_wconf 87' lang='lat' dir='ltr'>robis</span> <span class='ocrx_word' id='word_1_186' title='bbox 1771 1712 1900 1780; x_wconf 87' lang='lat' dir='ltr'>credunt,</span> <span class='ocrx_word' id='word_1_187' title='bbox 1923 1713 2057 1785; x_wconf 81' lang='lat' dir='ltr'>imputate</span> 
     </span>
     <span class='ocr_line' id='line_1_28' title="bbox 1260 1798 1430 1868; baseline 0.029 -23"><span class='ocrx_word' id='word_1_188' title='bbox 1260 1798 1430 1868; x_wconf 67' lang='lat' dir='ltr'>compellitis.</span> 
     </span>
    </p>
   </div>
   <div class='ocr_carea' id='block_1_6' title="bbox 417 1953 2052 1991">
    <p class='ocr_par' dir='ltr' id='par_1_6' title="bbox 417 1953 2052 1991">
     <span class='ocr_line' id='line_1_29' title="bbox 417 1953 2052 1991; baseline 0.015 -21"><span class='ocrx_word' id='word_1_189' title='bbox 417 1953 2052 1991; x_wconf 51' lang='lat' dir='ltr'>—-*—T-**··m-*——*—-——-————q</span> 
     </span>
    </p>
   </div>
   <div class='ocr_carea' id='block_1_7' title="bbox 959 2026 1600 2155">
    <p class='ocr_par' dir='ltr' id='par_1_7' title="bbox 959 2026 1600 2155">
     <span class='ocr_line' id='line_1_30' title="bbox 959 2026 1600 2155; baseline -0.006 -13"><span class='ocrx_word' id='word_1_190' title='bbox 959 2026 1198 2142; x_wconf 83' lang='lat' dir='ltr'><strong><em>LIBER</em></strong></span> <span class='ocrx_word' id='word_1_191' title='bbox 1237 2027 1600 2155; x_wconf 68' lang='lat' dir='ltr'>Qniii&#39;i‘tts&#39;.</span> 
     </span>
    </p>
   </div>
   <div class='ocr_carea' id='block_1_8' title="bbox 383 2210 2058 2646">
    <p class='ocr_par' dir='ltr' id='par_1_8' title="bbox 383 2210 2058 2646">
     <span class='ocr_line' id='line_1_31' title="bbox 447 2210 2058 2286; baseline 0.007 -20"><span class='ocrx_word' id='word_1_192' title='bbox 447 2216 573 2267; x_wconf 78' lang='lat' dir='ltr'>tonbrrrrat</span> <span class='ocrx_word' id='word_1_193' title='bbox 582 2218 736 2279; x_wconf 69' lang='lat' dir='ltr'>Augustinus,</span> <span class='ocrx_word' id='word_1_194' title='bbox 749 2222 775 2267; x_wconf 90' lang='lat' dir='ltr'>et</span> <span class='ocrx_word' id='word_1_195' title='bbox 785 2216 893 2267; x_wconf 84' lang='lat' dir='ltr'>aluiiani</span> <span class='ocrx_word' id='word_1_196' title='bbox 904 2215 1029 2266; x_wconf 79' lang='lat' dir='ltr'>miumnits</span> <span class='ocrx_word' id='word_1_197' title='bbox 1039 2214 1143 2266; x_wconf 83' lang='lat' dir='ltr'>uindicat</span> <span class='ocrx_word' id='word_1_198' title='bbox 1154 2228 1184 2263; x_wconf 87' lang='lat' dir='ltr'>ca</span> <span class='ocrx_word' id='word_1_199' title='bbox 1212 2226 1251 2263; x_wconf 84' lang='lat' dir='ltr'>uae</span> <span class='ocrx_word' id='word_1_200' title='bbox 1261 2214 1286 2262; x_wconf 91' lang='lat' dir='ltr'>ia</span> <span class='ocrx_word' id='word_1_201' title='bbox 1297 2210 1358 2265; x_wconf 88' lang='lat' dir='ltr'>iinro</span> <span class='ocrx_word' id='word_1_202' title='bbox 1369 2213 1477 2264; x_wconf 85' lang='lat' dir='ltr'>seeundo</span> <span class='ocrx_word' id='word_1_203' title='bbox 1485 2215 1517 2286; x_wconf 76' lang='lat' dir='ltr'>ilo</span> <span class='ocrx_word' id='word_1_204' title='bbox 1534 2217 1625 2286; x_wconf 73' lang='lat' dir='ltr'>nuptiis</span> <span class='ocrx_word' id='word_1_205' title='bbox 1640 2223 1666 2269; x_wconf 91' lang='lat' dir='ltr'>et</span> <span class='ocrx_word' id='word_1_206' title='bbox 1683 2225 1769 2280; x_wconf 77' lang='lat' dir='ltr'>concup</span> <span class='ocrx_word' id='word_1_207' title='bbox 1779 2221 1888 2283; x_wconf 65' lang='lat' dir='ltr'>scentia,</span> <span class='ocrx_word' id='word_1_208' title='bbox 1900 2224 1982 2284; x_wconf 85' lang='lat' dir='ltr'>espiie</span> <span class='ocrx_word' id='word_1_209' title='bbox 1993 2222 2058 2277; x_wconf 86' lang='lat' dir='ltr'>due·</span> 
     </span>
     <span class='ocr_line' id='line_1_32' title="bbox 416 2227 2056 2356; baseline 0.007 -30"><span class='ocrx_word' id='word_1_210' title='bbox 416 2277 511 2329; x_wconf 82' lang='lat' dir='ltr'>decimo</span> <span class='ocrx_word' id='word_1_211' title='bbox 522 2277 699 2341; x_wconf 86' lang='lat' dir='ltr'>etquinnsdam</span> <span class='ocrx_word' id='word_1_212' title='bbox 710 2278 869 2340; x_wconf 85' lang='lat' dir='ltr'>sequentibus</span> <span class='ocrx_word' id='word_1_213' title='bbox 886 2276 989 2340; x_wconf 73' lang='lat' dir='ltr'><strong>scripsit,</strong></span> <span class='ocrx_word' id='word_1_214' title='bbox 1003 2279 1027 2326; x_wconf 93' lang='lat' dir='ltr'>in</span> <span class='ocrx_word' id='word_1_215' title='bbox 1046 2276 1128 2338; x_wconf 88' lang='lat' dir='ltr'>primis</span> <span class='ocrx_word' id='word_1_216' title='bbox 1144 2227 1333 2346; x_wconf 52' lang='lat' dir='ltr'>rideqieetqnol</span> <span class='ocrx_word' id='word_1_217' title='bbox 1353 2287 1407 2323; x_wconf 90' lang='lat' dir='ltr'>eam</span> <span class='ocrx_word' id='word_1_218' title='bbox 1426 2283 1620 2350; x_wconf 81' lang='lat' dir='ltr'>corrinnxtionem</span> <span class='ocrx_word' id='word_1_219' title='bbox 1637 2279 1691 2328; x_wconf 83' lang='lat' dir='ltr'>sire</span> <span class='ocrx_word' id='word_1_220' title='bbox 1709 2281 1894 2356; x_wconf 74' lang='grc' dir='ltr'>οιιιιιοιοιιοιιοοι</span> <span class='ocrx_word' id='word_1_221' title='bbox 1915 2284 2056 2345; x_wconf 76' lang='lat' dir='ltr'>pnoemhm</span> 
     </span>
     <span class='ocr_line' id='line_1_33' title="bbox 416 2336 2056 2416; baseline 0.007 -28"><span class='ocrx_word' id='word_1_222' title='bbox 416 2339 580 2388; x_wconf 85' lang='lat' dir='ltr'>rnenrbrorum</span> <span class='ocrx_word' id='word_1_223' title='bbox 590 2351 639 2388; x_wconf 89' lang='lat' dir='ltr'>non</span> <span class='ocrx_word' id='word_1_224' title='bbox 649 2337 754 2387; x_wconf 87' lang='lat' dir='ltr'>baberet</span> <span class='ocrx_word' id='word_1_225' title='bbox 766 2345 850 2389; x_wconf 90' lang='lat' dir='ltr'>natura</span> <span class='ocrx_word' id='word_1_226' title='bbox 861 2350 929 2397; x_wconf 79' lang='lat' dir='ltr'>sana,</span> <span class='ocrx_word' id='word_1_227' title='bbox 940 2350 1012 2401; x_wconf 90' lang='lat' dir='ltr'>qnam</span> <span class='ocrx_word' id='word_1_228' title='bbox 1023 2338 1098 2387; x_wconf 87' lang='lat' dir='ltr'>babet</span> <span class='ocrx_word' id='word_1_229' title='bbox 1109 2345 1194 2386; x_wconf 87' lang='lat' dir='ltr'>natura</span> <span class='ocrx_word' id='word_1_230' title='bbox 1205 2343 1291 2407; x_wconf 73' lang='lat' dir='ltr'>vitiata⁸</span> <span class='ocrx_word' id='word_1_231' title='bbox 1301 2348 1314 2406; x_wconf 78' lang='grc' dir='ltr'>τΙ</span> <span class='ocrx_word' id='word_1_232' title='bbox 1324 2347 1353 2384; x_wconf 86' lang='lat' dir='ltr'>ae</span> <span class='ocrx_word' id='word_1_233' title='bbox 1363 2347 1407 2396; x_wconf 86' lang='lat' dir='ltr'>per</span> <span class='ocrx_word' id='word_1_234' title='bbox 1418 2336 1465 2385; x_wconf 91' lang='lat' dir='ltr'>boc</span> <span class='ocrx_word' id='word_1_235' title='bbox 1474 2337 1539 2409; x_wconf 80' lang='lat' dir='ltr'>qnod</span> <span class='ocrx_word' id='word_1_236' title='bbox 1550 2350 1620 2412; x_wconf 72' lang='lat' dir='ltr'>isqui</span> <span class='ocrx_word' id='word_1_237' title='bbox 1632 2339 1689 2388; x_wconf 88' lang='lat' dir='ltr'>inde</span> <span class='ocrx_word' id='word_1_238' title='bbox 1700 2349 1815 2416; x_wconf 71' lang='lat' dir='ltr'>uasqtur,</span> <span class='ocrx_word' id='word_1_239' title='bbox 1829 2343 1936 2406; x_wconf 83' lang='lat' dir='ltr'>indigeat</span> <span class='ocrx_word' id='word_1_240' title='bbox 1946 2347 2056 2399; x_wconf 73' lang='lat' dir='ltr'>renue.</span> 
     </span>
     <span class='ocr_line' id='line_1_34' title="bbox 415 2396 2054 2473; baseline 0.006 -24"><span class='ocrx_word' id='word_1_241' title='bbox 415 2399 508 2449; x_wconf 83' lang='lat' dir='ltr'>nuinde</span> <span class='ocrx_word' id='word_1_242' title='bbox 516 2399 581 2463; x_wconf 83' lang='lat' dir='ltr'>quod</span> <span class='ocrx_word' id='word_1_243' title='bbox 592 2400 625 2449; x_wconf 85' lang='lat' dir='ltr'>iiii</span> <span class='ocrx_word' id='word_1_244' title='bbox 636 2400 754 2460; x_wconf 80' lang='lat' dir='ltr'>capitibus</span> <span class='ocrx_word' id='word_1_245' title='bbox 765 2399 802 2459; x_wconf 83' lang='lat' dir='ltr'>ll,</span> <span class='ocrx_word' id='word_1_246' title='bbox 814 2399 854 2459; x_wconf 68' lang='lat' dir='ltr'>w,</span> <span class='ocrx_word' id='word_1_247' title='bbox 865 2398 904 2459; x_wconf 58' lang='grc' dir='ltr'>Ἅι,</span> <span class='ocrx_word' id='word_1_248' title='bbox 916 2399 1049 2458; x_wconf 80' lang='lat' dir='ltr'>etintendit,</span> <span class='ocrx_word' id='word_1_249' title='bbox 1062 2396 1181 2447; x_wconf 87' lang='lat' dir='ltr'>lulianum</span> <span class='ocrx_word' id='word_1_250' title='bbox 1191 2396 1329 2458; x_wconf 71' lang='lat' dir='ltr'>apostolicis</span> <span class='ocrx_word' id='word_1_251' title='bbox 1339 2396 1434 2454; x_wconf 83' lang='lat' dir='ltr'>duobus</span> <span class='ocrx_word' id='word_1_252' title='bbox 1445 2405 1597 2471; x_wconf 66' lang='grc' dir='ltr'>ιιιιιοιιοιιιιε,</span> <span class='ocrx_word' id='word_1_253' title='bbox 1614 2405 1685 2473; x_wconf 55' lang='lat' dir='ltr'>isone:</span> <span class='ocrx_word' id='word_1_254' title='bbox 1697 2415 1738 2459; x_wconf 84' lang='lat' dir='ltr'>xs,</span> <span class='ocrx_word' id='word_1_255' title='bbox 1753 2403 1792 2463; x_wconf 75' lang='lat' dir='ltr'>ab,</span> <span class='ocrx_word' id='word_1_256' title='bbox 1803 2403 1843 2463; x_wconf 75' lang='lat'>38,</span> <span class='ocrx_word' id='word_1_257' title='bbox 1855 2413 1882 2454; x_wconf 88' lang='lat' dir='ltr'>et</span> <span class='ocrx_word' id='word_1_258' title='bbox 1894 2413 1959 2457; x_wconf 80' lang='lat' dir='ltr'>boin.</span> <span class='ocrx_word' id='word_1_259' title='bbox 1971 2421 1979 2456; x_wconf 93' lang='grc' dir='ltr'>ι</span> <span class='ocrx_word' id='word_1_260' title='bbox 1990 2441 1999 2466; x_wconf 89' lang='grc'>,</span> <span class='ocrx_word' id='word_1_261' title='bbox 2011 2407 2054 2469; x_wconf 78' lang='grc'>27,</span> 
     </span>
     <span class='ocr_line' id='line_1_35' title="bbox 414 2459 2057 2590; baseline 0.019 -45"><span class='ocrx_word' id='word_1_262' title='bbox 414 2463 586 2545; x_wconf 50' lang='lat' dir='ltr'>annu</span> <span class='ocrx_word' id='word_1_263' title='bbox 598 2460 829 2571; x_wconf 49' lang='lat' dir='ltr'>aemil</span> <span class='ocrx_word' id='word_1_264' title='bbox 897 2461 1046 2571; x_wconf 71' lang='lat' dir='ltr'>¹7aaran</span> <span class='ocrx_word' id='word_1_265' title='bbox 1055 2460 1239 2571; x_wconf 68' lang='lat' dir='ltr'>tau</span> <span class='ocrx_word' id='word_1_266' title='bbox 1250 2459 1949 2590; x_wconf 50' lang='lat' dir='ltr'>„astruere</span> <span class='ocrx_word' id='word_1_267' title='bbox 1960 2467 2057 2582; x_wconf 76' lang='lat' dir='ltr'>aar:</span> 
     </span>
     <span class='ocr_line' id='line_1_36' title="bbox 383 2520 1887 2646; baseline 0.003 -13"><span class='ocrx_word' id='word_1_268' title='bbox 383 2606 386 2615; x_wconf 91' lang='lat'>·</span> <span class='ocrx_word' id='word_1_269' title='bbox 414 2520 723 2646; x_wconf 40' lang='grc' dir='ltr'>ικιθουο.ιιῖἓ1ιῖἑὲιιιῗοιοοοοι1</span> <span class='ocrx_word' id='word_1_270' title='bbox 734 2532 918 2646; x_wconf 52' lang='lat' dir='ltr'>mffiqssxqffig</span> <span class='ocrx_word' id='word_1_271' title='bbox 927 2560 1031 2646; x_wconf 87' lang='lat' dir='ltr'>septimo</span> <span class='ocrx_word' id='word_1_272' title='bbox 1041 2533 1132 2642; x_wconf 62' lang='lat' dir='ltr'>docent!</span> <span class='ocrx_word' id='word_1_273' title='bbox 1141 2582 1178 2630; x_wconf 91' lang='lat' dir='ltr'>sie</span> <span class='ocrx_word' id='word_1_274' title='bbox 1186 2553 1263 2632; x_wconf 73' lang='grc' dir='ltr'>ιιοιῖιο</span> <span class='ocrx_word' id='word_1_275' title='bbox 1273 2593 1360 2633; x_wconf 85' lang='lat' dir='ltr'>creare</span> <span class='ocrx_word' id='word_1_276' title='bbox 1368 2579 1453 2642; x_wconf 84' lang='lat' dir='ltr'>malos,</span> <span class='ocrx_word' id='word_1_277' title='bbox 1465 2581 1585 2645; x_wconf 90' lang='lat' dir='ltr'>quomodo</span> <span class='ocrx_word' id='word_1_278' title='bbox 1597 2556 1672 2645; x_wconf 74' lang='lat' dir='ltr'>pascit</span> <span class='ocrx_word' id='word_1_279' title='bbox 1680 2591 1707 2635; x_wconf 88' lang='lat' dir='ltr'>et</span> <span class='ocrx_word' id='word_1_280' title='bbox 1718 2586 1794 2637; x_wconf 90' lang='lat' dir='ltr'>nutrit</span> <span class='ocrx_word' id='word_1_281' title='bbox 1803 2587 1887 2642; x_wconf 64' lang='lat' dir='ltr'>mans.</span> 
     </span>
    </p>
   </div>
   <div class='ocr_carea' id='block_1_9' title="bbox 1087 2682 1370 2763">
    <p class='ocr_par' dir='ltr' id='par_1_9' title="bbox 1087 2682 1370 2763">
     <span class='ocr_line' id='line_1_37' title="bbox 1087 2682 1370 2763; baseline 0.014 -3"><span class='ocrx_word' id='word_1_282' title='bbox 1087 2682 1370 2763; x_wconf 51' lang='lat' dir='ltr'>mow—</span> 
     </span>
    </p>
   </div>
   <div class='ocr_carea' id='block_1_10' title="bbox 403 2804 1203 5799">
    <p class='ocr_par' dir='ltr' id='par_1_10' title="bbox 404 2804 1203 5231">
     <span class='ocr_line' id='line_1_38' title="bbox 449 2804 1203 2885; baseline -0.007 -23"><span class='ocrx_word' id='word_1_283' title='bbox 449 2809 469 2862; x_wconf 90' lang='lat' dir='ltr'>i.</span> <span class='ocrx_word' id='word_1_284' title='bbox 484 2809 618 2868; x_wconf 76' lang='lat' dir='ltr'>inuisus.</span> <span class='ocrx_word' id='word_1_285' title='bbox 640 2810 812 2885; x_wconf 84' lang='lat' dir='ltr'>Compertum</span> <span class='ocrx_word' id='word_1_286' title='bbox 835 2806 1051 2864; x_wconf 64' lang='lat' dir='ltr'>esternacensi</span> <span class='ocrx_word' id='word_1_287' title='bbox 1077 2804 1203 2876; x_wconf 85' lang='lat' dir='ltr'>periculis</span> 
     </span>
     <span class='ocr_line' id='line_1_39' title="bbox 412 2894 1201 2971; baseline -0.008 -18"><span class='ocrx_word' id='word_1_288' title='bbox 412 2898 481 2969; x_wconf 87' lang='lat' dir='ltr'>apud</span> <span class='ocrx_word' id='word_1_289' title='bbox 496 2913 594 2971; x_wconf 76' lang='lat' dir='ltr'>patrem</span> <span class='ocrx_word' id='word_1_290' title='bbox 604 2899 748 2971; x_wconf 88' lang='lat' dir='ltr'>incorrupti</span> <span class='ocrx_word' id='word_1_291' title='bbox 756 2898 931 2955; x_wconf 80' lang='lat' dir='ltr'>reverentiam</span> <span class='ocrx_word' id='word_1_292' title='bbox 943 2899 1032 2969; x_wconf 85' lang='lat' dir='ltr'>rigere</span> <span class='ocrx_word' id='word_1_293' title='bbox 1042 2895 1143 2967; x_wconf 80' lang='lat' dir='ltr'>indicii,</span> <span class='ocrx_word' id='word_1_294' title='bbox 1157 2894 1201 2964; x_wconf 88' lang='lat' dir='ltr'>qui</span> 
     </span>
     <span class='ocr_line' id='line_1_40' title="bbox 411 2985 1202 3060; baseline -0.004 -15"><span class='ocrx_word' id='word_1_295' title='bbox 411 2990 567 3047; x_wconf 80' lang='lat' dir='ltr'>nescientiae</span> <span class='ocrx_word' id='word_1_296' title='bbox 581 2990 676 3047; x_wconf 87' lang='lat' dir='ltr'>studiis</span> <span class='ocrx_word' id='word_1_297' title='bbox 689 2990 783 3060; x_wconf 88' lang='lat' dir='ltr'>dediti,</span> <span class='ocrx_word' id='word_1_298' title='bbox 798 3001 825 3046; x_wconf 88' lang='lat' dir='ltr'>et</span> <span class='ocrx_word' id='word_1_299' title='bbox 837 2991 965 3046; x_wconf 85' lang='lat' dir='ltr'>virtutum</span> <span class='ocrx_word' id='word_1_300' title='bbox 979 2996 1146 3060; x_wconf 78' lang='lat' dir='ltr'>appetentes,</span> <span class='ocrx_word' id='word_1_301' title='bbox 1160 2985 1202 3042; x_wconf 85' lang='lat' dir='ltr'>uel</span> 
     </span>
     <span class='ocr_line' id='line_1_41' title="bbox 412 3079 1200 3153; baseline -0.003 -18"><span class='ocrx_word' id='word_1_302' title='bbox 412 3091 524 3152; x_wconf 88' lang='lat' dir='ltr'>possunt</span> <span class='ocrx_word' id='word_1_303' title='bbox 535 3081 661 3153; x_wconf 87' lang='lat' dir='ltr'>indagare</span> <span class='ocrx_word' id='word_1_304' title='bbox 674 3098 777 3148; x_wconf 84' lang='lat' dir='ltr'>rerum,</span> <span class='ocrx_word' id='word_1_305' title='bbox 794 3082 835 3139; x_wconf 85' lang='lat' dir='ltr'>rei</span> <span class='ocrx_word' id='word_1_306' title='bbox 849 3090 983 3152; x_wconf 88' lang='lat' dir='ltr'>repertum</span> <span class='ocrx_word' id='word_1_307' title='bbox 1005 3079 1103 3141; x_wconf 88' lang='lat' dir='ltr'>audent</span> <span class='ocrx_word' id='word_1_308' title='bbox 1117 3079 1200 3145; x_wconf 88' lang='lat' dir='ltr'>tucri;</span> 
     </span>
     <span class='ocr_line' id='line_1_42' title="bbox 411 3171 1202 3244; baseline -0.006 -17"><span class='ocrx_word' id='word_1_309' title='bbox 411 3182 466 3242; x_wconf 86' lang='grc' dir='ltr'>οιιι,</span> <span class='ocrx_word' id='word_1_310' title='bbox 481 3173 549 3228; x_wconf 89' lang='lat' dir='ltr'>sicul</span> <span class='ocrx_word' id='word_1_311' title='bbox 572 3173 609 3234; x_wconf 87' lang='lat' dir='ltr'>ait</span> <span class='ocrx_word' id='word_1_312' title='bbox 621 3173 774 3244; x_wconf 76' lang='lat' dir='ltr'>Apostolus,</span> <span class='ocrx_word' id='word_1_313' title='bbox 787 3173 933 3228; x_wconf 71' lang='grc' dir='ltr'>εοιιιὶιοιοι</span> <span class='ocrx_word' id='word_1_314' title='bbox 953 3171 1043 3226; x_wconf 84' lang='lat' dir='ltr'>babent</span> <span class='ocrx_word' id='word_1_315' title='bbox 1055 3187 1152 3236; x_wconf 81' lang='lat' dir='ltr'>seretis,</span> <span class='ocrx_word' id='word_1_316' title='bbox 1168 3171 1202 3223; x_wconf 86' lang='lat' dir='ltr'>od</span> 
     </span>
     <span class='ocr_line' id='line_1_43' title="bbox 411 3260 1200 3336; baseline -0.003 -19"><span class='ocrx_word' id='word_1_317' title='bbox 411 3263 586 3325; x_wconf 71' lang='lat' dir='ltr'>discretionem</span> <span class='ocrx_word' id='word_1_318' title='bbox 599 3263 657 3325; x_wconf 81' lang='lat' dir='ltr'>boni</span> <span class='ocrx_word' id='word_1_319' title='bbox 669 3265 778 3336; x_wconf 87' lang='lat' dir='ltr'>motique</span> <span class='ocrx_word' id='word_1_320' title='bbox 791 3261 881 3333; x_wconf 85' lang='lat' dir='ltr'>(Hebr.</span> <span class='ocrx_word' id='word_1_321' title='bbox 899 3260 999 3335; x_wconf 77' lang='grc' dir='ltr'>ι,11);</span> <span class='ocrx_word' id='word_1_322' title='bbox 1015 3277 1064 3318; x_wconf 89' lang='lat' dir='ltr'>nec</span> <span class='ocrx_word' id='word_1_323' title='bbox 1074 3262 1134 3317; x_wconf 89' lang='lat' dir='ltr'>uilis</span> <span class='ocrx_word' id='word_1_324' title='bbox 1152 3262 1200 3316; x_wconf 90' lang='lat' dir='ltr'>ad-</span> 
     </span>
     <span class='ocr_line' id='line_1_44' title="bbox 411 3354 1200 3428; baseline -0.004 -18"><span class='ocrx_word' id='word_1_325' title='bbox 411 3370 547 3411; x_wconf 78' lang='lat' dir='ltr'>uersorum</span> <span class='ocrx_word' id='word_1_326' title='bbox 562 3354 721 3428; x_wconf 77' lang='lat' dir='ltr'>franguntur</span> <span class='ocrx_word' id='word_1_327' title='bbox 733 3357 866 3427; x_wconf 83' lang='lat' dir='ltr'>procellis,</span> <span class='ocrx_word' id='word_1_328' title='bbox 881 3356 969 3428; x_wconf 91' lang='lat' dir='ltr'>quide</span> <span class='ocrx_word' id='word_1_329' title='bbox 983 3355 1077 3411; x_wconf 91' lang='lat' dir='ltr'>eodem</span> <span class='ocrx_word' id='word_1_330' title='bbox 1091 3355 1200 3409; x_wconf 86' lang='lat' dir='ltr'>audiunt</span> 
     </span>
     <span class='ocr_line' id='line_1_45' title="bbox 409 3446 1200 3521; baseline 0 -20"><span class='ocrx_word' id='word_1_331' title='bbox 409 3458 583 3521; x_wconf 76' lang='lat' dir='ltr'>preceptore,</span> <span class='ocrx_word' id='word_1_332' title='bbox 604 3463 688 3521; x_wconf 87' lang='lat' dir='ltr'>usque</span> <span class='ocrx_word' id='word_1_333' title='bbox 710 3448 743 3505; x_wconf 84' lang='lat' dir='ltr'>ad</span> <span class='ocrx_word' id='word_1_334' title='bbox 763 3448 917 3520; x_wconf 90' lang='lat' dir='ltr'>sanguinem</span> <span class='ocrx_word' id='word_1_335' title='bbox 943 3446 1119 3506; x_wconf 89' lang='lat' dir='ltr'>resistendum</span> <span class='ocrx_word' id='word_1_336' title='bbox 1140 3456 1200 3502; x_wconf 87' lang='lat' dir='ltr'>esse</span> 
     </span>
     <span class='ocr_line' id='line_1_46' title="bbox 410 3538 1198 3615; baseline -0.004 -19"><span class='ocrx_word' id='word_1_337' title='bbox 410 3542 526 3610; x_wconf 88' lang='lat' dir='ltr'>peccatis</span> <span class='ocrx_word' id='word_1_338' title='bbox 542 3538 597 3615; x_wconf 87' lang='lat' dir='ltr'>(ld.</span> <span class='ocrx_word' id='word_1_339' title='bbox 612 3555 659 3608; x_wconf 85' lang='grc' dir='ltr'>ιιι,</span> <span class='ocrx_word' id='word_1_340' title='bbox 670 3541 726 3613; x_wconf 86' lang='lat' dir='ltr'>ll).</span> <span class='ocrx_word' id='word_1_341' title='bbox 741 3539 773 3606; x_wconf 87' lang='lat' dir='ltr'>lii</span> <span class='ocrx_word' id='word_1_342' title='bbox 786 3555 849 3611; x_wconf 90' lang='lat' dir='ltr'>ergo</span> <span class='ocrx_word' id='word_1_343' title='bbox 863 3541 1018 3612; x_wconf 87' lang='lat' dir='ltr'>prudentes,</span> <span class='ocrx_word' id='word_1_344' title='bbox 1033 3555 1101 3611; x_wconf 90' lang='lat' dir='ltr'>quos</span> <span class='ocrx_word' id='word_1_345' title='bbox 1122 3539 1198 3594; x_wconf 88' lang='lat' dir='ltr'>stoli·</span> 
     </span>
     <span class='ocr_line' id='line_1_47' title="bbox 408 3630 1200 3704; baseline -0.003 -19"><span class='ocrx_word' id='word_1_346' title='bbox 408 3633 503 3693; x_wconf 83' lang='lat' dir='ltr'>diuum</span> <span class='ocrx_word' id='word_1_347' title='bbox 517 3633 606 3704; x_wconf 91' lang='lat' dir='ltr'>populi</span> <span class='ocrx_word' id='word_1_348' title='bbox 621 3630 721 3691; x_wconf 88' lang='lat' dir='ltr'>lacium</span> <span class='ocrx_word' id='word_1_349' title='bbox 734 3647 833 3704; x_wconf 85' lang='lat' dir='ltr'>paitcos</span> <span class='ocrx_word' id='word_1_350' title='bbox 850 3632 945 3698; x_wconf 83' lang='lat' dir='ltr'>rideri,</span> <span class='ocrx_word' id='word_1_351' title='bbox 957 3631 1074 3688; x_wconf 72' lang='lat' dir='ltr'>scientim</span> <span class='ocrx_word' id='word_1_352' title='bbox 1088 3641 1114 3688; x_wconf 90' lang='lat' dir='ltr'>et</span> <span class='ocrx_word' id='word_1_353' title='bbox 1126 3631 1200 3685; x_wconf 84' lang='lat' dir='ltr'>iorn-</span> 
     </span>
     <span class='ocr_line' id='line_1_48' title="bbox 408 3721 1203 3794; baseline 0.004 -20"><span class='ocrx_word' id='word_1_354' title='bbox 408 3721 492 3780; x_wconf 88' lang='lat' dir='ltr'>tudini</span> <span class='ocrx_word' id='word_1_355' title='bbox 515 3721 594 3792; x_wconf 82' lang='lat' dir='ltr'>juxta</span> <span class='ocrx_word' id='word_1_356' title='bbox 618 3737 728 3794; x_wconf 82' lang='lat' dir='ltr'>proruis</span> <span class='ocrx_word' id='word_1_357' title='bbox 750 3723 866 3781; x_wconf 81' lang='lat' dir='ltr'>student.</span> <span class='ocrx_word' id='word_1_358' title='bbox 890 3722 987 3779; x_wconf 88' lang='lat' dir='ltr'>Neutro</span> <span class='ocrx_word' id='word_1_359' title='bbox 1007 3721 1078 3776; x_wconf 89' lang='lat' dir='ltr'>euim</span> <span class='ocrx_word' id='word_1_360' title='bbox 1099 3722 1203 3792; x_wconf 88' lang='lat' dir='ltr'>absque</span> 
     </span>
     <span class='ocr_line' id='line_1_49' title="bbox 407 3813 1198 3886; baseline -0.004 -17"><span class='ocrx_word' id='word_1_361' title='bbox 407 3815 490 3869; x_wconf 83' lang='lat' dir='ltr'>altera</span> <span class='ocrx_word' id='word_1_362' title='bbox 512 3824 557 3869; x_wconf 91' lang='lat' dir='ltr'>ant</span> <span class='ocrx_word' id='word_1_363' title='bbox 578 3813 692 3869; x_wconf 89' lang='lat' dir='ltr'>iructum</span> <span class='ocrx_word' id='word_1_364' title='bbox 714 3815 875 3886; x_wconf 80' lang='lat' dir='ltr'>assequitur,</span> <span class='ocrx_word' id='word_1_365' title='bbox 900 3826 945 3870; x_wconf 92' lang='lat' dir='ltr'>aut</span> <span class='ocrx_word' id='word_1_366' title='bbox 960 3815 1088 3869; x_wconf 88' lang='lat' dir='ltr'>lionorem</span> <span class='ocrx_word' id='word_1_367' title='bbox 1111 3829 1198 3884; x_wconf 91' lang='lat' dir='ltr'>:qno·</span> 
     </span>
     <span class='ocr_line' id='line_1_50' title="bbox 409 3905 1198 3977; baseline -0.004 -17"><span class='ocrx_word' id='word_1_368' title='bbox 409 3905 479 3960; x_wconf 82' lang='lat' dir='ltr'>triam</span> <span class='ocrx_word' id='word_1_369' title='bbox 494 3915 522 3960; x_wconf 90' lang='lat' dir='ltr'>et</span> <span class='ocrx_word' id='word_1_370' title='bbox 541 3905 668 3960; x_wconf 80' lang='lat' dir='ltr'>fortitudo</span> <span class='ocrx_word' id='word_1_371' title='bbox 683 3906 733 3960; x_wconf 90' lang='lat' dir='ltr'>nisi</span> <span class='ocrx_word' id='word_1_372' title='bbox 748 3907 855 3977; x_wconf 89' lang='lat' dir='ltr'>optimis</span> <span class='ocrx_word' id='word_1_373' title='bbox 877 3921 924 3976; x_wconf 84' lang='lat' dir='ltr'>per</span> <span class='ocrx_word' id='word_1_374' title='bbox 941 3906 1078 3963; x_wconf 87' lang='lat' dir='ltr'>scientiam</span> <span class='ocrx_word' id='word_1_375' title='bbox 1091 3905 1198 3965; x_wconf 88' lang='lat' dir='ltr'>admota</span> 
     </span>
     <span class='ocr_line' id='line_1_51' title="bbox 408 3995 1198 4068; baseline 0.004 -19"><span class='ocrx_word' id='word_1_376' title='bbox 408 3995 489 4055; x_wconf 88' lang='lat' dir='ltr'>rebus</span> <span class='ocrx_word' id='word_1_377' title='bbox 502 4005 553 4060; x_wconf 82' lang='lat' dir='ltr'>ost,</span> <span class='ocrx_word' id='word_1_378' title='bbox 578 3996 604 4050; x_wconf 92' lang='lat' dir='ltr'>in</span> <span class='ocrx_word' id='word_1_379' title='bbox 632 3995 821 4066; x_wconf 78' lang='lat' dir='ltr'>despicabilem</span> <span class='ocrx_word' id='word_1_380' title='bbox 843 3998 958 4068; x_wconf 81' lang='lat' dir='ltr'>erumpit</span> <span class='ocrx_word' id='word_1_381' title='bbox 972 3997 1118 4058; x_wconf 76' lang='lat' dir='ltr'>inmanium:</span> <span class='ocrx_word' id='word_1_382' title='bbox 1142 4003 1198 4052; x_wconf 88' lang='lat' dir='ltr'>ete</span> 
     </span>
     <span class='ocr_line' id='line_1_52' title="bbox 408 4087 1198 4160; baseline 0.001 -21"><span class='ocrx_word' id='word_1_383' title='bbox 408 4087 518 4156; x_wconf 76' lang='lat' dir='ltr'>regione</span> <span class='ocrx_word' id='word_1_384' title='bbox 526 4088 684 4143; x_wconf 80' lang='lat' dir='ltr'>exatninalae</span> <span class='ocrx_word' id='word_1_385' title='bbox 695 4087 805 4159; x_wconf 67' lang='lat' dir='ltr'>justitiae</span> <span class='ocrx_word' id='word_1_386' title='bbox 821 4089 827 4120; x_wconf 89' lang='lat'><strong>¹</strong></span> <span class='ocrx_word' id='word_1_387' title='bbox 843 4089 925 4160; x_wconf 73' lang='lat' dir='ltr'>legeS,</span> <span class='ocrx_word' id='word_1_388' title='bbox 937 4088 986 4142; x_wconf 74' lang='lat' dir='ltr'>nisi</span> <span class='ocrx_word' id='word_1_389' title='bbox 996 4087 1198 4159; x_wconf 65' lang='lat' dir='ltr'>niagnaniniiiu</span> 
     </span>
     <span class='ocr_line' id='line_1_53' title="bbox 407 4177 1199 4249; baseline 0 -19"><span class='ocrx_word' id='word_1_390' title='bbox 407 4177 441 4232; x_wconf 87' lang='lat' dir='ltr'>tis</span> <span class='ocrx_word' id='word_1_391' title='bbox 455 4192 548 4235; x_wconf 87' lang='lat' dir='ltr'>mtrrus</span> <span class='ocrx_word' id='word_1_392' title='bbox 562 4177 709 4244; x_wconf 80' lang='lat' dir='ltr'>incluserit,</span> <span class='ocrx_word' id='word_1_393' title='bbox 724 4179 821 4247; x_wconf 74' lang='lat' dir='ltr'>praedm</span> <span class='ocrx_word' id='word_1_394' title='bbox 844 4178 983 4234; x_wconf 76' lang='lat' dir='ltr'>confestim</span> <span class='ocrx_word' id='word_1_395' title='bbox 1005 4178 1141 4249; x_wconf 86' lang='lat' dir='ltr'>patebunt,</span> <span class='ocrx_word' id='word_1_396' title='bbox 1166 4191 1199 4231; x_wconf 89' lang='lat' dir='ltr'>ac</span> 
     </span>
     <span class='ocr_line' id='line_1_54' title="bbox 406 4266 1198 4341; baseline 0.004 -19"><span class='ocrx_word' id='word_1_397' title='bbox 406 4266 535 4323; x_wconf 81' lang='lat' dir='ltr'>servitum</span> <span class='ocrx_word' id='word_1_398' title='bbox 549 4267 705 4329; x_wconf 79' lang='lat' dir='ltr'>criminibus</span> <span class='ocrx_word' id='word_1_399' title='bbox 714 4269 888 4326; x_wconf 77' lang='lat' dir='ltr'>abducentur.</span> <span class='ocrx_word' id='word_1_400' title='bbox 905 4269 958 4326; x_wconf 89' lang='lat' dir='ltr'>llas</span> <span class='ocrx_word' id='word_1_401' title='bbox 972 4284 1036 4341; x_wconf 88' lang='lat' dir='ltr'>crgo</span> <span class='ocrx_word' id='word_1_402' title='bbox 1046 4268 1130 4340; x_wconf 90' lang='lat' dir='ltr'>bigas,</span> <span class='ocrx_word' id='word_1_403' title='bbox 1139 4267 1198 4326; x_wconf 83' lang='lat' dir='ltr'>sine</span> 
     </span>
     <span class='ocr_line' id='line_1_55' title="bbox 407 4358 1197 4432; baseline 0.001 -20"><span class='ocrx_word' id='word_1_404' title='bbox 407 4358 504 4428; x_wconf 84' lang='lat' dir='ltr'>quibus</span> <span class='ocrx_word' id='word_1_405' title='bbox 516 4358 672 4430; x_wconf 83' lang='lat' dir='ltr'>triumphari</span> <span class='ocrx_word' id='word_1_406' title='bbox 697 4361 730 4417; x_wconf 85' lang='lat' dir='ltr'>de</span> <span class='ocrx_word' id='word_1_407' title='bbox 745 4362 835 4422; x_wconf 89' lang='lat' dir='ltr'>mundi</span> <span class='ocrx_word' id='word_1_408' title='bbox 850 4362 985 4419; x_wconf 84' lang='lat' dir='ltr'>erroribus</span> <span class='ocrx_word' id='word_1_409' title='bbox 999 4360 1134 4432; x_wconf 82' lang='lat' dir='ltr'>nequitur.</span> <span class='ocrx_word' id='word_1_410' title='bbox 1154 4358 1197 4414; x_wconf 90' lang='lat' dir='ltr'>di·</span> 
     </span>
     <span class='ocr_line' id='line_1_56' title="bbox 407 4449 1199 4523; baseline 0.011 -25"><span class='ocrx_word' id='word_1_411' title='bbox 407 4449 622 4507; x_wconf 70' lang='lat' dir='ltr'>sustentatibus</span> <span class='ocrx_word' id='word_1_412' title='bbox 636 4450 764 4509; x_wconf 81' lang='lat' dir='ltr'>rarissimi</span> <span class='ocrx_word' id='word_1_413' title='bbox 776 4453 886 4523; x_wconf 77' lang='lat' dir='ltr'>quique,</span> <span class='ocrx_word' id='word_1_414' title='bbox 896 4454 940 4522; x_wconf 92' lang='lat' dir='ltr'>qni</span> <span class='ocrx_word' id='word_1_415' title='bbox 951 4454 1071 4513; x_wconf 87' lang='lat' dir='ltr'>coierent</span> <span class='ocrx_word' id='word_1_416' title='bbox 1086 4463 1111 4508; x_wconf 93' lang='lat' dir='ltr'>ct</span> <span class='ocrx_word' id='word_1_417' title='bbox 1122 4452 1199 4523; x_wconf 84' lang='lat' dir='ltr'>juga·</span> 
     </span>
     <span class='ocr_line' id='line_1_57' title="bbox 406 4543 1198 4613; baseline 0.009 -22"><span class='ocrx_word' id='word_1_418' title='bbox 406 4546 467 4592; x_wconf 85' lang='lat' dir='ltr'>rem</span> <span class='ocrx_word' id='word_1_419' title='bbox 479 4547 558 4609; x_wconf 86' lang='lat' dir='ltr'>atque</span> <span class='ocrx_word' id='word_1_420' title='bbox 574 4549 716 4610; x_wconf 87' lang='lat' dir='ltr'>regerent,</span> <span class='ocrx_word' id='word_1_421' title='bbox 733 4543 913 4599; x_wconf 86' lang='lat' dir='ltr'>exstiterunt:</span> <span class='ocrx_word' id='word_1_422' title='bbox 928 4545 1052 4613; x_wconf 90' lang='lat' dir='ltr'>quoniam</span> <span class='ocrx_word' id='word_1_423' title='bbox 1068 4551 1095 4600; x_wconf 86' lang='lat' dir='ltr'>et</span> <span class='ocrx_word' id='word_1_424' title='bbox 1116 4546 1198 4598; x_wconf 89' lang='lat' dir='ltr'>seien-</span> 
     </span>
     <span class='ocr_line' id='line_1_58' title="bbox 406 4628 1200 4701; baseline 0.01 -20"><span class='ocrx_word' id='word_1_425' title='bbox 406 4630 449 4682; x_wconf 81' lang='lat' dir='ltr'>tirc</span> <span class='ocrx_word' id='word_1_426' title='bbox 471 4628 590 4686; x_wconf 89' lang='lat' dir='ltr'>studium</span> <span class='ocrx_word' id='word_1_427' title='bbox 613 4638 666 4683; x_wconf 86' lang='lat' dir='ltr'>tam</span> <span class='ocrx_word' id='word_1_428' title='bbox 700 4629 759 4701; x_wconf 88' lang='lat' dir='ltr'>luga</span> <span class='ocrx_word' id='word_1_429' title='bbox 795 4630 893 4686; x_wconf 85' lang='lat' dir='ltr'>laboris</span> <span class='ocrx_word' id='word_1_430' title='bbox 927 4645 1005 4701; x_wconf 86' lang='lat' dir='ltr'>qnam</span> <span class='ocrx_word' id='word_1_431' title='bbox 1031 4634 1200 4695; x_wconf 67' lang='lat' dir='ltr'>scriniarium,</span> 
     </span>
     <span class='ocr_line' id='line_1_59' title="bbox 406 4719 1195 4791; baseline 0.01 -20"><span class='ocrx_word' id='word_1_432' title='bbox 406 4735 529 4781; x_wconf 83' lang='lat' dir='ltr'>curarum</span> <span class='ocrx_word' id='word_1_433' title='bbox 545 4719 686 4778; x_wconf 75' lang='lat' dir='ltr'>diuersitas</span> <span class='ocrx_word' id='word_1_434' title='bbox 695 4721 818 4791; x_wconf 80' lang='lat' dir='ltr'>impedit,</span> <span class='ocrx_word' id='word_1_435' title='bbox 834 4732 861 4777; x_wconf 90' lang='lat' dir='ltr'>et</span> <span class='ocrx_word' id='word_1_436' title='bbox 873 4724 1049 4777; x_wconf 84' lang='lat' dir='ltr'>constantiam</span> <span class='ocrx_word' id='word_1_437' title='bbox 1062 4740 1195 4779; x_wconf 83' lang='lat' dir='ltr'>aerumna·</span> 
     </span>
     <span class='ocr_line' id='line_1_60' title="bbox 406 4811 1193 4887; baseline 0.011 -25"><span class='ocrx_word' id='word_1_438' title='bbox 406 4824 548 4880; x_wconf 82' lang='lat' dir='ltr'>rum,qum</span> <span class='ocrx_word' id='word_1_439' title='bbox 561 4811 595 4867; x_wconf 90' lang='lat' dir='ltr'>ab</span> <span class='ocrx_word' id='word_1_440' title='bbox 610 4811 737 4882; x_wconf 76' lang='lat' dir='ltr'>improbis</span> <span class='ocrx_word' id='word_1_441' title='bbox 750 4813 910 4880; x_wconf 78' lang='lat' dir='ltr'>excitantur¹</span> <span class='ocrx_word' id='word_1_442' title='bbox 927 4813 1040 4869; x_wconf 90' lang='lat' dir='ltr'>lormido</span> <span class='ocrx_word' id='word_1_443' title='bbox 1063 4818 1193 4887; x_wconf 88' lang='lat' dir='ltr'>percellit.</span> 
     </span>
     <span class='ocr_line' id='line_1_61' title="bbox 405 4901 1196 4976; baseline 0.019 -26"><span class='ocrx_word' id='word_1_444' title='bbox 405 4901 472 4975; x_wconf 67' lang='lat' dir='ltr'>tirum</span> <span class='ocrx_word' id='word_1_445' title='bbox 492 4902 717 4970; x_wconf 78' lang='lat' dir='ltr'>oppugnationum</span> <span class='ocrx_word' id='word_1_446' title='bbox 731 4919 828 4974; x_wconf 89' lang='lat' dir='ltr'>genera</span> <span class='ocrx_word' id='word_1_447' title='bbox 851 4904 962 4964; x_wconf 76' lang='lat' dir='ltr'>vineunt</span> <span class='ocrx_word' id='word_1_448' title='bbox 974 4907 1081 4976; x_wconf 87' lang='lat' dir='ltr'>quidem</span> <span class='ocrx_word' id='word_1_449' title='bbox 1103 4907 1196 4965; x_wconf 91' lang='lat' dir='ltr'>iideles</span> 
     </span>
     <span class='ocr_line' id='line_1_62' title="bbox 404 4989 1196 5063; baseline 0.013 -19"><span class='ocrx_word' id='word_1_450' title='bbox 404 4989 486 5044; x_wconf 76' lang='lat' dir='ltr'>aitiori</span> <span class='ocrx_word' id='word_1_451' title='bbox 500 4999 524 5043; x_wconf 92' lang='lat' dir='ltr'>ct</span> <span class='ocrx_word' id='word_1_452' title='bbox 537 4992 671 5060; x_wconf 85' lang='lat' dir='ltr'>sapientes</span> <span class='ocrx_word' id='word_1_453' title='bbox 687 5010 693 5045; x_wconf 90' lang='lat'>:</span> <span class='ocrx_word' id='word_1_454' title='bbox 711 5009 802 5048; x_wconf 83' lang='lat' dir='ltr'>rerum</span> <span class='ocrx_word' id='word_1_455' title='bbox 818 5003 870 5048; x_wconf 90' lang='lat' dir='ltr'>tam</span> <span class='ocrx_word' id='word_1_456' title='bbox 884 4995 936 5050; x_wconf 91' lang='lat' dir='ltr'>rari</span> <span class='ocrx_word' id='word_1_457' title='bbox 951 5007 1022 5063; x_wconf 89' lang='lat' dir='ltr'>sunt,</span> <span class='ocrx_word' id='word_1_458' title='bbox 1035 5008 1063 5054; x_wconf 94' lang='lat' dir='ltr'>ut</span> <span class='ocrx_word' id='word_1_459' title='bbox 1073 4999 1143 5059; x_wconf 89' lang='lat' dir='ltr'>inter</span> <span class='ocrx_word' id='word_1_460' title='bbox 1156 5000 1196 5054; x_wconf 88' lang='lat' dir='ltr'>in·</span> 
     </span>
     <span class='ocr_line' id='line_1_63' title="bbox 407 5084 1194 5156; baseline 0.019 -23"><span class='ocrx_word' id='word_1_461' title='bbox 407 5096 533 5135; x_wconf 86' lang='lat' dir='ltr'>sanorum</span> <span class='ocrx_word' id='word_1_462' title='bbox 564 5084 691 5153; x_wconf 89' lang='lat' dir='ltr'>populns,</span> <span class='ocrx_word' id='word_1_463' title='bbox 716 5085 776 5155; x_wconf 89' lang='lat' dir='ltr'>qnia</span> <span class='ocrx_word' id='word_1_464' title='bbox 803 5101 855 5141; x_wconf 92' lang='lat' dir='ltr'>non</span> <span class='ocrx_word' id='word_1_465' title='bbox 876 5086 992 5156; x_wconf 88' lang='lat' dir='ltr'>luriunt,</span> <span class='ocrx_word' id='word_1_466' title='bbox 1015 5091 1131 5148; x_wconf 90' lang='lat' dir='ltr'>insanire</span> <span class='ocrx_word' id='word_1_467' title='bbox 1156 5092 1194 5147; x_wconf 83' lang='lat' dir='ltr'>ri·</span> 
     </span>
     <span class='ocr_line' id='line_1_64' title="bbox 405 5176 526 5231; baseline 0.025 -5"><span class='ocrx_word' id='word_1_468' title='bbox 405 5176 526 5231; x_wconf 80' lang='lat' dir='ltr'>ilrriritnr.</span> 
     </span>
    </p>

    <p class='ocr_par' dir='ltr' id='par_1_11' title="bbox 403 5267 1195 5799">
     <span class='ocr_line' id='line_1_65' title="bbox 441 5267 1191 5335; baseline 0.021 -17"><span class='ocrx_word' id='word_1_469' title='bbox 441 5267 616 5325; x_wconf 78' lang='lat' dir='ltr'>nuousrtsus.</span> <span class='ocrx_word' id='word_1_470' title='bbox 632 5267 725 5326; x_wconf 78' lang='lat' dir='ltr'>Noniae</span> <span class='ocrx_word' id='word_1_471' title='bbox 741 5281 766 5327; x_wconf 92' lang='lat' dir='ltr'>te</span> <span class='ocrx_word' id='word_1_472' title='bbox 780 5271 905 5328; x_wconf 86' lang='lat' dir='ltr'>admonet</span> <span class='ocrx_word' id='word_1_473' title='bbox 922 5276 1016 5331; x_wconf 89' lang='lat' dir='ltr'>raritas</span> <span class='ocrx_word' id='word_1_474' title='bbox 1030 5278 1080 5333; x_wconf 90' lang='lat' dir='ltr'>isto</span> <span class='ocrx_word' id='word_1_475' title='bbox 1104 5279 1191 5335; x_wconf 90' lang='lat' dir='ltr'>bomi-</span> 
     </span>
     <span class='ocr_line' id='line_1_66' title="bbox 405 5359 1192 5438; baseline 0.022 -28"><span class='ocrx_word' id='word_1_476' title='bbox 405 5372 479 5416; x_wconf 80' lang='lat' dir='ltr'>num.</span> <span class='ocrx_word' id='word_1_477' title='bbox 494 5371 573 5428; x_wconf 91' lang='lat' dir='ltr'>qnam</span> <span class='ocrx_word' id='word_1_478' title='bbox 584 5367 612 5413; x_wconf 93' lang='lat' dir='ltr'>tu</span> <span class='ocrx_word' id='word_1_479' title='bbox 626 5359 682 5431; x_wconf 86' lang='lat' dir='ltr'>ipse</span> <span class='ocrx_word' id='word_1_480' title='bbox 694 5376 900 5431; x_wconf 83' lang='lat' dir='ltr'>commemoras,</span> <span class='ocrx_word' id='word_1_481' title='bbox 914 5367 1049 5438; x_wconf 88' lang='lat' dir='ltr'>inquibus</span> <span class='ocrx_word' id='word_1_482' title='bbox 1063 5381 1089 5426; x_wconf 87' lang='lat' dir='ltr'>et</span> <span class='ocrx_word' id='word_1_483' title='bbox 1104 5372 1192 5427; x_wconf 88' lang='lat' dir='ltr'>scien·</span> 
     </span>
     <span class='ocr_line' id='line_1_67' title="bbox 407 5448 1193 5531; baseline 0.025 -31"><span class='ocrx_word' id='word_1_484' title='bbox 407 5448 440 5500; x_wconf 80' lang='lat' dir='ltr'>:ii</span> <span class='ocrx_word' id='word_1_485' title='bbox 455 5457 479 5502; x_wconf 89' lang='lat' dir='ltr'>et</span> <span class='ocrx_word' id='word_1_486' title='bbox 501 5449 624 5505; x_wconf 80' lang='lat' dir='ltr'>tortitudo</span> <span class='ocrx_word' id='word_1_487' title='bbox 636 5462 678 5507; x_wconf 76' lang='lat' dir='ltr'>est</span> <span class='ocrx_word' id='word_1_488' title='bbox 690 5456 714 5519; x_wconf 87' lang='lat'>¹,</span> <span class='ocrx_word' id='word_1_489' title='bbox 726 5455 834 5526; x_wconf 86' lang='lat' dir='ltr'>quidde</span> <span class='ocrx_word' id='word_1_490' title='bbox 847 5455 964 5514; x_wconf 85' lang='lat' dir='ltr'>hnmano</span> <span class='ocrx_word' id='word_1_491' title='bbox 978 5476 1076 5531; x_wconf 86' lang='lat' dir='ltr'>genere</span> <span class='ocrx_word' id='word_1_492' title='bbox 1094 5465 1193 5521; x_wconf 80' lang='lat' dir='ltr'>sentire</span> 
     </span>
     <span class='ocr_line' id='line_1_68' title="bbox 403 5539 1195 5615; baseline 0.016 -18"><span class='ocrx_word' id='word_1_493' title='bbox 403 5539 514 5604; x_wconf 83' lang='lat' dir='ltr'>debeas,</span> <span class='ocrx_word' id='word_1_494' title='bbox 530 5550 558 5597; x_wconf 95' lang='lat' dir='ltr'>et</span> <span class='ocrx_word' id='word_1_495' title='bbox 571 5539 792 5604; x_wconf 78' lang='lat' dir='ltr'>deuoluersuista</span> <span class='ocrx_word' id='word_1_496' title='bbox 807 5563 893 5605; x_wconf 88' lang='lat' dir='ltr'>massa</span> <span class='ocrx_word' id='word_1_497' title='bbox 908 5550 1103 5615; x_wconf 83' lang='lat' dir='ltr'>rationabilium</span> <span class='ocrx_word' id='word_1_498' title='bbox 1123 5570 1195 5611; x_wconf 88' lang='lat' dir='ltr'>inor·</span> 
     </span>
     <span class='ocr_line' id='line_1_69' title="bbox 404 5630 1193 5714; baseline 0.023 -31"><span class='ocrx_word' id='word_1_499' title='bbox 404 5630 549 5701; x_wconf 75' lang='lat' dir='ltr'>uitiumque</span> <span class='ocrx_word' id='word_1_500' title='bbox 573 5631 766 5691; x_wconf 75' lang='lat' dir='ltr'>animantium?</span> <span class='ocrx_word' id='word_1_501' title='bbox 787 5635 840 5696; x_wconf 79' lang='lat' dir='ltr'>Cur</span> <span class='ocrx_word' id='word_1_502' title='bbox 857 5640 929 5698; x_wconf 87' lang='lat' dir='ltr'>enim</span> <span class='ocrx_word' id='word_1_503' title='bbox 950 5657 1002 5696; x_wconf 89' lang='lat' dir='ltr'>non</span> <span class='ocrx_word' id='word_1_504' title='bbox 1023 5657 1109 5714; x_wconf 89' lang='lat' dir='ltr'>genus</span> <span class='ocrx_word' id='word_1_505' title='bbox 1121 5662 1193 5701; x_wconf 91' lang='lat' dir='ltr'>mor·</span> 
     </span>
     <span class='ocr_line' id='line_1_70' title="bbox 403 5720 1194 5799; baseline 0.023 -29"><span class='ocrx_word' id='word_1_506' title='bbox 403 5721 494 5774; x_wconf 78' lang='lat' dir='ltr'>talium</span> <span class='ocrx_word' id='word_1_507' title='bbox 509 5721 541 5775; x_wconf 83' lang='lat' dir='ltr'>aii</span> <span class='ocrx_word' id='word_1_508' title='bbox 555 5720 671 5777; x_wconf 90' lang='lat' dir='ltr'>studium</span> <span class='ocrx_word' id='word_1_509' title='bbox 683 5724 801 5780; x_wconf 75' lang='lat' dir='ltr'>scieritis·</span> <span class='ocrx_word' id='word_1_510' title='bbox 812 5729 945 5799; x_wconf 88' lang='lat' dir='ltr'>roburque</span> <span class='ocrx_word' id='word_1_511' title='bbox 959 5732 1129 5799; x_wconf 79' lang='lat' dir='ltr'>lortitndinis,</span> <span class='ocrx_word' id='word_1_512' title='bbox 1148 5752 1194 5788; x_wconf 85' lang='grc' dir='ltr'>ιιο-</span> 
     </span>
    </p>
   </div>
   <div class='ocr_carea' id='block_1_11' title="bbox 406 5812 1193 5887">
    <p class='ocr_par' dir='ltr' id='par_1_12' title="bbox 406 5812 1193 5887">
     <span class='ocr_line' id='line_1_71' title="bbox 406 5812 1193 5887; baseline 0.022 -22"><span class='ocrx_word' id='word_1_513' title='bbox 406 5812 483 5867; x_wconf 82' lang='lat' dir='ltr'>tnraii</span> <span class='ocrx_word' id='word_1_514' title='bbox 499 5812 683 5887; x_wconf 63' lang='lat' dir='ltr'>aggredimini</span> <span class='ocrx_word' id='word_1_515' title='bbox 698 5814 861 5885; x_wconf 80' lang='lat' dir='ltr'>rrnirersntn,</span> <span class='ocrx_word' id='word_1_516' title='bbox 879 5822 918 5875; x_wconf 84' lang='lat' dir='ltr'>rel</span> <span class='ocrx_word' id='word_1_517' title='bbox 933 5832 1006 5878; x_wconf 86' lang='lat' dir='ltr'>corte</span> <span class='ocrx_word' id='word_1_518' title='bbox 1033 5840 1064 5877; x_wconf 80' lang='lat' dir='ltr'>cs</span> <span class='ocrx_word' id='word_1_519' title='bbox 1080 5828 1193 5882; x_wconf 82' lang='lat' dir='ltr'>rriaairna</span> 
     </span>
    </p>
   </div>
   <div class='ocr_carea' id='block_1_12' title="bbox 433 6005 899 6133">
    <p class='ocr_par' dir='ltr' id='par_1_13' title="bbox 433 6005 899 6133">
     <span class='ocr_line' id='line_1_72' title="bbox 438 6005 899 6065; baseline 0.035 -16"><span class='ocrx_word' id='word_1_520' title='bbox 438 6010 443 6035; x_wconf 72' lang='grc' dir='ltr'>ι</span> <span class='ocrx_word' id='word_1_521' title='bbox 458 6005 510 6056; x_wconf 68' lang='lat' dir='ltr'>tir.</span> <span class='ocrx_word' id='word_1_522' title='bbox 525 6005 637 6064; x_wconf 72' lang='lat' dir='ltr'>insidier,</span> <span class='ocrx_word' id='word_1_523' title='bbox 651 6022 682 6058; x_wconf 82' lang='lat' dir='ltr'>cx</span> <span class='ocrx_word' id='word_1_524' title='bbox 703 6016 746 6056; x_wconf 74' lang='lat' dir='ltr'>tiss</span> <span class='ocrx_word' id='word_1_525' title='bbox 757 6010 899 6065; x_wconf 72' lang='lat' dir='ltr'>addidicistis.</span> 
     </span>
     <span class='ocr_line' id='line_1_73' title="bbox 433 6057 861 6133; baseline 0.023 -19"><span class='ocrx_word' id='word_1_526' title='bbox 433 6057 444 6094; x_wconf 84' lang='lat'>⁸</span> <span class='ocrx_word' id='word_1_527' title='bbox 457 6068 496 6119; x_wconf 78' lang='lat' dir='ltr'>r‘u·</span> <span class='ocrx_word' id='word_1_528' title='bbox 509 6074 560 6118; x_wconf 76' lang='lat' dir='ltr'>uss.</span> <span class='ocrx_word' id='word_1_529' title='bbox 579 6073 636 6124; x_wconf 79' lang='lat' dir='ltr'>tnui</span> <span class='ocrx_word' id='word_1_530' title='bbox 646 6079 736 6132; x_wconf 80' lang='lat' dir='ltr'>autern,</span> <span class='ocrx_word' id='word_1_531' title='bbox 750 6072 861 6133; x_wconf 70' lang='lat' dir='ltr'>somnne</span> 
     </span>
    </p>
   </div>
   <div class='ocr_carea' id='block_1_13' title="bbox 1246 2805 2056 6072">
    <p class='ocr_par' dir='ltr' id='par_1_14' title="bbox 1246 2805 2056 6072">
     <span class='ocr_line' id='line_1_74' title="bbox 1265 2805 2056 2882; baseline 0.024 -27"><span class='ocrx_word' id='word_1_532' title='bbox 1265 2813 1340 2872; x_wconf 87' lang='lat' dir='ltr'>parte</span> <span class='ocrx_word' id='word_1_533' title='bbox 1353 2805 1502 2875; x_wconf 74' lang='lat' dir='ltr'>consurgit,</span> <span class='ocrx_word' id='word_1_534' title='bbox 1516 2815 1544 2860; x_wconf 92' lang='lat' dir='ltr'>nt</span> <span class='ocrx_word' id='word_1_535' title='bbox 1557 2808 1707 2875; x_wconf 83' lang='lat' dir='ltr'>rarissimos</span> <span class='ocrx_word' id='word_1_536' title='bbox 1728 2826 1847 2881; x_wconf 82' lang='lat' dir='ltr'>quosque</span> <span class='ocrx_word' id='word_1_537' title='bbox 1863 2815 1949 2882; x_wconf 87' lang='lat' dir='ltr'>potins</span> <span class='ocrx_word' id='word_1_538' title='bbox 1966 2816 2056 2873; x_wconf 57' lang='lat' dir='ltr'>urbe*</span> 
     </span>
     <span class='ocr_line' id='line_1_75' title="bbox 1259 2897 2053 2970; baseline 0.019 -20"><span class='ocrx_word' id='word_1_539' title='bbox 1259 2911 1336 2960; x_wconf 89' lang='lat' dir='ltr'>niur,</span> <span class='ocrx_word' id='word_1_540' title='bbox 1360 2897 1393 2952; x_wconf 93' lang='lat' dir='ltr'>ab</span> <span class='ocrx_word' id='word_1_541' title='bbox 1406 2911 1438 2952; x_wconf 89' lang='lat' dir='ltr'>en</span> <span class='ocrx_word' id='word_1_542' title='bbox 1464 2899 1534 2968; x_wconf 89' lang='lat' dir='ltr'>qnod</span> <span class='ocrx_word' id='word_1_543' title='bbox 1550 2902 1650 2970; x_wconf 90' lang='lat' dir='ltr'>appetit</span> <span class='ocrx_word' id='word_1_544' title='bbox 1674 2913 1775 2959; x_wconf 75' lang='lat' dir='ltr'>natrrrte</span> <span class='ocrx_word' id='word_1_545' title='bbox 1797 2904 1928 2963; x_wconf 87' lang='lat' dir='ltr'>institutio</span> <span class='ocrx_word' id='word_1_546' title='bbox 1940 2906 2053 2965; x_wconf 83' lang='lat' dir='ltr'>deriare</span> 
     </span>
     <span class='ocr_line' id='line_1_76' title="bbox 1257 2986 2046 3064; baseline 0.018 -25"><span class='ocrx_word' id='word_1_547' title='bbox 1257 2996 1335 3053; x_wconf 85' lang='lat' dir='ltr'>atque</span> <span class='ocrx_word' id='word_1_548' title='bbox 1349 2986 1514 3044; x_wconf 76' lang='lat' dir='ltr'>desciscere?</span> <span class='ocrx_word' id='word_1_549' title='bbox 1528 2988 1582 3044; x_wconf 89' lang='lat' dir='ltr'>Cur</span> <span class='ocrx_word' id='word_1_550' title='bbox 1595 2991 1621 3044; x_wconf 89' lang='lat' dir='ltr'>in</span> <span class='ocrx_word' id='word_1_551' title='bbox 1638 2991 1766 3061; x_wconf 81' lang='lat' dir='ltr'>protunda</span> <span class='ocrx_word' id='word_1_552' title='bbox 1781 2995 1920 3064; x_wconf 70' lang='lat' dir='ltr'>imperitis</span> <span class='ocrx_word' id='word_1_553' title='bbox 1932 3011 1964 3051; x_wconf 90' lang='lat' dir='ltr'>ae</span> <span class='ocrx_word' id='word_1_554' title='bbox 1979 2998 2046 3052; x_wconf 91' lang='lat' dir='ltr'>mol·</span> 
     </span>
     <span class='ocr_line' id='line_1_77' title="bbox 1256 3074 2054 3160; baseline 0.02 -32"><span class='ocrx_word' id='word_1_555' title='bbox 1256 3074 1396 3130; x_wconf 87' lang='lat' dir='ltr'>iinnlinem</span> <span class='ocrx_word' id='word_1_556' title='bbox 1421 3077 1541 3146; x_wconf 71' lang='lat' dir='ltr'>ignavius,</span> <span class='ocrx_word' id='word_1_557' title='bbox 1563 3081 1639 3149; x_wconf 88' lang='lat' dir='ltr'>qrrnsi</span> <span class='ocrx_word' id='word_1_558' title='bbox 1664 3096 1713 3151; x_wconf 89' lang='lat' dir='ltr'>per</span> <span class='ocrx_word' id='word_1_559' title='bbox 1737 3085 1874 3153; x_wconf 79' lang='lat' dir='ltr'>proclii-ta,</span> <span class='ocrx_word' id='word_1_560' title='bbox 1889 3086 2054 3160; x_wconf 86' lang='lat' dir='ltr'>nescioquo</span> 
     </span>
     <span class='ocr_line' id='line_1_78' title="bbox 1255 3165 2052 3245; baseline 0.023 -28"><span class='ocrx_word' id='word_1_561' title='bbox 1255 3165 1326 3220; x_wconf 74' lang='lat' dir='ltr'>reiut</span> <span class='ocrx_word' id='word_1_562' title='bbox 1338 3180 1420 3221; x_wconf 82' lang='lat' dir='ltr'>oriere</span> <span class='ocrx_word' id='word_1_563' title='bbox 1433 3178 1545 3236; x_wconf 88' lang='lat' dir='ltr'>urgente</span> <span class='ocrx_word' id='word_1_564' title='bbox 1560 3170 1715 3226; x_wconf 87' lang='lat' dir='ltr'>delabitur?</span> <span class='ocrx_word' id='word_1_565' title='bbox 1730 3173 1829 3245; x_wconf 80' lang='lat' dir='ltr'>Fugam</span> <span class='ocrx_word' id='word_1_566' title='bbox 1854 3176 1954 3232; x_wconf 89' lang='lat' dir='ltr'>laboris</span> <span class='ocrx_word' id='word_1_567' title='bbox 1974 3190 2052 3234; x_wconf 82' lang='lat' dir='ltr'>certo</span> 
     </span>
     <span class='ocr_line' id='line_1_79' title="bbox 1255 3255 2053 3341; baseline 0.021 -31"><span class='ocrx_word' id='word_1_568' title='bbox 1255 3255 1389 3312; x_wconf 86' lang='lat' dir='ltr'>dieisesse</span> <span class='ocrx_word' id='word_1_569' title='bbox 1402 3273 1520 3322; x_wconf 88' lang='lat' dir='ltr'>causam,</span> <span class='ocrx_word' id='word_1_570' title='bbox 1537 3276 1587 3331; x_wconf 91' lang='lat' dir='ltr'>qua</span> <span class='ocrx_word' id='word_1_571' title='bbox 1600 3263 1629 3315; x_wconf 91' lang='lat' dir='ltr'>lit</span> <span class='ocrx_word' id='word_1_572' title='bbox 1652 3272 1679 3317; x_wconf 92' lang='lat' dir='ltr'>ut</span> <span class='ocrx_word' id='word_1_573' title='bbox 1699 3265 1820 3321; x_wconf 84' lang='lat' dir='ltr'>nesciant</span> <span class='ocrx_word' id='word_1_574' title='bbox 1842 3266 1965 3323; x_wconf 85' lang='lat' dir='ltr'>lrornines</span> <span class='ocrx_word' id='word_1_575' title='bbox 1987 3286 2053 3341; x_wconf 79' lang='lat' dir='ltr'>quar</span> 
     </span>
     <span class='ocr_line' id='line_1_80' title="bbox 1254 3348 2048 3428; baseline 0.018 -25"><span class='ocrx_word' id='word_1_576' title='bbox 1254 3349 1323 3403; x_wconf 86' lang='lat' dir='ltr'>seire</span> <span class='ocrx_word' id='word_1_577' title='bbox 1341 3348 1488 3406; x_wconf 90' lang='lat' dir='ltr'>debuerunt</span> <span class='ocrx_word' id='word_1_578' title='bbox 1503 3366 1510 3403; x_wconf 91' lang='lat'><strong>:</strong></span> <span class='ocrx_word' id='word_1_579' title='bbox 1524 3353 1571 3407; x_wconf 89' lang='lat' dir='ltr'>sed</span> <span class='ocrx_word' id='word_1_580' title='bbox 1585 3354 1681 3410; x_wconf 80' lang='lat' dir='ltr'>sellem</span> <span class='ocrx_word' id='word_1_581' title='bbox 1703 3356 1806 3412; x_wconf 90' lang='lat' dir='ltr'>diceres</span> <span class='ocrx_word' id='word_1_582' title='bbox 1820 3359 1882 3428; x_wconf 76' lang='lat' dir='ltr'>urrini</span> <span class='ocrx_word' id='word_1_583' title='bbox 1900 3375 1990 3417; x_wconf 68' lang='lat' dir='ltr'>causae</span> <span class='ocrx_word' id='word_1_584' title='bbox 2002 3364 2048 3426; x_wconf 78' lang='lat' dir='ltr'>sit,</span> 
     </span>
     <span class='ocr_line' id='line_1_81' title="bbox 1254 3438 2047 3508; baseline 0.019 -15"><span class='ocrx_word' id='word_1_585' title='bbox 1254 3449 1283 3494; x_wconf 92' lang='lat' dir='ltr'>ut</span> <span class='ocrx_word' id='word_1_586' title='bbox 1296 3438 1396 3495; x_wconf 86' lang='lat' dir='ltr'>nomini</span> <span class='ocrx_word' id='word_1_587' title='bbox 1405 3449 1458 3495; x_wconf 92' lang='lat' dir='ltr'>tam</span> <span class='ocrx_word' id='word_1_588' title='bbox 1469 3441 1537 3497; x_wconf 90' lang='lat' dir='ltr'>bene</span> <span class='ocrx_word' id='word_1_589' title='bbox 1550 3444 1706 3500; x_wconf 85' lang='lat' dir='ltr'>naturaliter</span> <span class='ocrx_word' id='word_1_590' title='bbox 1720 3447 1840 3503; x_wconf 89' lang='lat' dir='ltr'>instituto</span> <span class='ocrx_word' id='word_1_591' title='bbox 1852 3449 1927 3505; x_wconf 84' lang='lat' dir='ltr'>utilia</span> <span class='ocrx_word' id='word_1_592' title='bbox 1942 3462 2047 3508; x_wconf 80' lang='lat' dir='ltr'>naturai</span> 
     </span>
     <span class='ocr_line' id='line_1_82' title="bbox 1253 3530 2047 3613; baseline 0.021 -31"><span class='ocrx_word' id='word_1_593' title='bbox 1253 3540 1334 3600; x_wconf 88' lang='lat' dir='ltr'>atque</span> <span class='ocrx_word' id='word_1_594' title='bbox 1347 3530 1463 3587; x_wconf 88' lang='lat' dir='ltr'>salubria</span> <span class='ocrx_word' id='word_1_595' title='bbox 1479 3533 1513 3588; x_wconf 87' lang='lat' dir='ltr'>sii</span> <span class='ocrx_word' id='word_1_596' title='bbox 1527 3532 1763 3592; x_wconf 74' lang='lat' dir='ltr'>laboriosissimum</span> <span class='ocrx_word' id='word_1_597' title='bbox 1777 3537 1893 3606; x_wconf 87' lang='lat' dir='ltr'>discere,</span> <span class='ocrx_word' id='word_1_598' title='bbox 1914 3550 1996 3613; x_wconf 90' lang='lat' dir='ltr'>atque</span> <span class='ocrx_word' id='word_1_599' title='bbox 2011 3543 2047 3599; x_wconf 83' lang='lat' dir='ltr'>ita</span> 
     </span>
     <span class='ocr_line' id='line_1_83' title="bbox 1253 3621 2046 3700; baseline 0.02 -25"><span class='ocrx_word' id='word_1_600' title='bbox 1253 3621 1370 3678; x_wconf 87' lang='lat' dir='ltr'>laborem</span> <span class='ocrx_word' id='word_1_601' title='bbox 1383 3622 1497 3694; x_wconf 85' lang='lat' dir='ltr'>lugiens,</span> <span class='ocrx_word' id='word_1_602' title='bbox 1509 3627 1535 3680; x_wconf 90' lang='lat' dir='ltr'>in</span> <span class='ocrx_word' id='word_1_603' title='bbox 1549 3628 1666 3683; x_wconf 88' lang='lat' dir='ltr'>tenebris</span> <span class='ocrx_word' id='word_1_604' title='bbox 1680 3630 1834 3700; x_wconf 73' lang='lat' dir='ltr'>ignorantiae</span> <span class='ocrx_word' id='word_1_605' title='bbox 1846 3633 2003 3691; x_wconf 75' lang='lat' dir='ltr'>familiarius</span> <span class='ocrx_word' id='word_1_606' title='bbox 2017 3638 2046 3690; x_wconf 90' lang='lat' dir='ltr'>ti-</span> 
     </span>
     <span class='ocr_line' id='line_1_84' title="bbox 1253 3713 2045 3795; baseline 0.016 -29"><span class='ocrx_word' id='word_1_607' title='bbox 1253 3713 1412 3783; x_wconf 88' lang='lat' dir='ltr'>bcntiusque</span> <span class='ocrx_word' id='word_1_608' title='bbox 1425 3716 1583 3784; x_wconf 79' lang='lat' dir='ltr'>requiescat.</span> <span class='ocrx_word' id='word_1_609' title='bbox 1603 3718 1704 3789; x_wconf 79' lang='lat' dir='ltr'>Nempe</span> <span class='ocrx_word' id='word_1_610' title='bbox 1719 3728 1790 3776; x_wconf 87' lang='lat' dir='ltr'>tairta</span> <span class='ocrx_word' id='word_1_611' title='bbox 1813 3725 1911 3778; x_wconf 88' lang='lat' dir='ltr'>raritas</span> <span class='ocrx_word' id='word_1_612' title='bbox 1925 3725 2045 3795; x_wconf 80' lang='lat' dir='ltr'>ingeritu-</span> 
     </span>
     <span class='ocr_line' id='line_1_85' title="bbox 1252 3803 2045 3878; baseline 0.016 -22"><span class='ocrx_word' id='word_1_613' title='bbox 1252 3816 1344 3856; x_wconf 83' lang='lat' dir='ltr'>snrum</span> <span class='ocrx_word' id='word_1_614' title='bbox 1364 3811 1392 3857; x_wconf 91' lang='lat' dir='ltr'>ct</span> <span class='ocrx_word' id='word_1_615' title='bbox 1408 3803 1598 3871; x_wconf 88' lang='lat' dir='ltr'>studiosorum,</span> <span class='ocrx_word' id='word_1_616' title='bbox 1614 3824 1661 3875; x_wconf 87' lang='lat' dir='ltr'>pur</span> <span class='ocrx_word' id='word_1_617' title='bbox 1681 3823 1740 3878; x_wconf 77' lang='grc' dir='ltr'>(μοι</span> <span class='ocrx_word' id='word_1_618' title='bbox 1754 3810 1807 3865; x_wconf 84' lang='lat' dir='ltr'>dito</span> <span class='ocrx_word' id='word_1_619' title='bbox 1820 3812 1853 3865; x_wconf 88' lang='lat' dir='ltr'>ad</span> <span class='ocrx_word' id='word_1_620' title='bbox 1868 3813 2045 3871; x_wconf 84' lang='lat' dir='ltr'>irunranarunr</span> 
     </span>
     <span class='ocr_line' id='line_1_86' title="bbox 1252 3891 2045 3969; baseline 0.018 -24"><span class='ocrx_word' id='word_1_621' title='bbox 1252 3891 1455 3964; x_wconf 81' lang='lat' dir='ltr'>diuinarumque</span> <span class='ocrx_word' id='word_1_622' title='bbox 1480 3909 1569 3949; x_wconf 90' lang='lat' dir='ltr'>rerum</span> <span class='ocrx_word' id='word_1_623' title='bbox 1585 3898 1723 3953; x_wconf 86' lang='lat' dir='ltr'>scientiam</span> <span class='ocrx_word' id='word_1_624' title='bbox 1739 3904 1904 3969; x_wconf 81' lang='lat' dir='ltr'>pervenitur,</span> <span class='ocrx_word' id='word_1_625' title='bbox 1921 3913 1946 3957; x_wconf 92' lang='lat' dir='ltr'>et</span> <span class='ocrx_word' id='word_1_626' title='bbox 1974 3913 2045 3959; x_wconf 81' lang='lat' dir='ltr'>tanta</span> 
     </span>
     <span class='ocr_line' id='line_1_87' title="bbox 1252 3982 2045 4059; baseline 0.021 -23"><span class='ocrx_word' id='word_1_627' title='bbox 1252 3982 1394 4055; x_wconf 75' lang='lat' dir='ltr'>innititndo</span> <span class='ocrx_word' id='word_1_628' title='bbox 1409 3985 1543 4040; x_wconf 89' lang='lat' dir='ltr'>tardorum</span> <span class='ocrx_word' id='word_1_629' title='bbox 1558 3997 1585 4043; x_wconf 94' lang='lat' dir='ltr'>et</span> <span class='ocrx_word' id='word_1_630' title='bbox 1597 3988 1804 4059; x_wconf 86' lang='lat' dir='ltr'>desidiosorum,</span> <span class='ocrx_word' id='word_1_631' title='bbox 1822 3995 1887 4048; x_wconf 90' lang='lat' dir='ltr'>satis</span> <span class='ocrx_word' id='word_1_632' title='bbox 1904 3996 2003 4051; x_wconf 85' lang='lat' dir='ltr'>indicat</span> <span class='ocrx_word' id='word_1_633' title='bbox 2019 3999 2045 4053; x_wconf 89' lang='lat' dir='ltr'>ia</span> 
     </span>
     <span class='ocr_line' id='line_1_88' title="bbox 1251 4081 2045 4157; baseline 0.026 -34"><span class='ocrx_word' id='word_1_634' title='bbox 1251 4088 1329 4142; x_wconf 87' lang='lat' dir='ltr'>qnam</span> <span class='ocrx_word' id='word_1_635' title='bbox 1346 4083 1447 4144; x_wconf 83' lang='lat' dir='ltr'>partein</span> <span class='ocrx_word' id='word_1_636' title='bbox 1460 4091 1508 4131; x_wconf 90' lang='lat' dir='ltr'>suo</span> <span class='ocrx_word' id='word_1_637' title='bbox 1524 4087 1646 4149; x_wconf 87' lang='lat' dir='ltr'>tanquam</span> <span class='ocrx_word' id='word_1_638' title='bbox 1671 4081 1788 4150; x_wconf 76' lang='lat' dir='ltr'>prouidere</span> <span class='ocrx_word' id='word_1_639' title='bbox 1803 4085 1904 4139; x_wconf 80' lang='lat' dir='ltr'>iuratur</span> <span class='ocrx_word' id='word_1_640' title='bbox 1918 4087 1974 4157; x_wconf 87' lang='lat' dir='ltr'>ipsa</span> <span class='ocrx_word' id='word_1_641' title='bbox 1995 4103 2045 4143; x_wconf 79' lang='lat' dir='ltr'>na·</span> 
     </span>
     <span class='ocr_line' id='line_1_89' title="bbox 1252 4163 2046 4245; baseline 0.031 -30"><span class='ocrx_word' id='word_1_642' title='bbox 1252 4163 1414 4234; x_wconf 61' lang='lat' dir='ltr'>tirquuam</span> <span class='ocrx_word' id='word_1_643' title='bbox 1436 4170 1537 4238; x_wconf 86' lang='lat' dir='ltr'>negatis</span> <span class='ocrx_word' id='word_1_644' title='bbox 1561 4184 1621 4226; x_wconf 89' lang='lat' dir='ltr'>esse</span> <span class='ocrx_word' id='word_1_645' title='bbox 1634 4173 1764 4228; x_wconf 78' lang='lat' dir='ltr'>uitiatam.</span> <span class='ocrx_word' id='word_1_646' title='bbox 1789 4174 1881 4245; x_wconf 89' lang='lat' dir='ltr'>Neque</span> <span class='ocrx_word' id='word_1_647' title='bbox 1894 4180 2046 4239; x_wconf 90' lang='lat' dir='ltr'>secundnm</span> 
     </span>
     <span class='ocr_line' id='line_1_90' title="bbox 1250 4252 2044 4338; baseline 0.026 -31"><span class='ocrx_word' id='word_1_648' title='bbox 1250 4252 1422 4310; x_wconf 86' lang='lat' dir='ltr'>cinistiaoanr</span> <span class='ocrx_word' id='word_1_649' title='bbox 1441 4259 1562 4328; x_wconf 82' lang='lat' dir='ltr'>cogitatis</span> <span class='ocrx_word' id='word_1_650' title='bbox 1577 4261 1668 4329; x_wconf 88' lang='lat' dir='ltr'>iidem,</span> <span class='ocrx_word' id='word_1_651' title='bbox 1693 4264 1779 4334; x_wconf 83' lang='lat' dir='ltr'>quails</span> <span class='ocrx_word' id='word_1_652' title='bbox 1793 4266 1827 4320; x_wconf 90' lang='lat' dir='ltr'>sit</span> <span class='ocrx_word' id='word_1_653' title='bbox 1841 4270 1928 4324; x_wconf 78' lang='lat' dir='ltr'>tructus</span> <span class='ocrx_word' id='word_1_654' title='bbox 1946 4270 2044 4338; x_wconf 77' lang='lat' dir='ltr'>Adanu,</span> 
     </span>
     <span class='ocr_line' id='line_1_91' title="bbox 1250 4346 2047 4418; baseline 0.026 -22"><span class='ocrx_word' id='word_1_655' title='bbox 1250 4347 1295 4414; x_wconf 92' lang='lat' dir='ltr'>qni</span> <span class='ocrx_word' id='word_1_656' title='bbox 1310 4346 1439 4402; x_wconf 76' lang='lat' dir='ltr'>uniuersis</span> <span class='ocrx_word' id='word_1_657' title='bbox 1457 4352 1600 4418; x_wconf 83' lang='lat' dir='ltr'>generibus</span> <span class='ocrx_word' id='word_1_658' title='bbox 1622 4355 1770 4410; x_wconf 84' lang='lat' dir='ltr'>artiniarum</span> <span class='ocrx_word' id='word_1_659' title='bbox 1794 4357 1913 4412; x_wconf 79' lang='lat' dir='ltr'>sisarum</span> <span class='ocrx_word' id='word_1_660' title='bbox 1934 4363 2047 4417; x_wconf 76' lang='lat' dir='ltr'>nomina</span> 
     </span>
     <span class='ocr_line' id='line_1_92' title="bbox 1251 4437 2046 4514; baseline 0.026 -25"><span class='ocrx_word' id='word_1_661' title='bbox 1251 4437 1376 4504; x_wconf 76' lang='lat' dir='ltr'>irruptosrrit</span> <span class='ocrx_word' id='word_1_662' title='bbox 1398 4437 1474 4508; x_wconf 73' lang='lat' dir='ltr'>(lien.</span> <span class='ocrx_word' id='word_1_663' title='bbox 1491 4456 1518 4504; x_wconf 89' lang='grc' dir='ltr'>ιι,</span> <span class='ocrx_word' id='word_1_664' title='bbox 1544 4441 1590 4514; x_wconf 86' lang='grc'>19)</span> <span class='ocrx_word' id='word_1_665' title='bbox 1605 4462 1611 4497; x_wconf 89' lang='lat'>:</span> <span class='ocrx_word' id='word_1_666' title='bbox 1626 4444 1696 4514; x_wconf 92' lang='lat' dir='ltr'>quod</span> <span class='ocrx_word' id='word_1_667' title='bbox 1711 4447 1945 4506; x_wconf 72' lang='lat' dir='ltr'>excellentissime</span> <span class='ocrx_word' id='word_1_668' title='bbox 1961 4451 2046 4509; x_wconf 83' lang='lat' dir='ltr'>inisse</span> 
     </span>
     <span class='ocr_line' id='line_1_93' title="bbox 1250 4526 2047 4608; baseline 0.02 -29"><span class='ocrx_word' id='word_1_669' title='bbox 1250 4526 1375 4581; x_wconf 85' lang='lat' dir='ltr'>irnlieimn</span> <span class='ocrx_word' id='word_1_670' title='bbox 1391 4530 1535 4598; x_wconf 75' lang='lat' dir='ltr'>sapienter,</span> <span class='ocrx_word' id='word_1_671' title='bbox 1551 4532 1576 4586; x_wconf 90' lang='lat' dir='ltr'>in</span> <span class='ocrx_word' id='word_1_672' title='bbox 1599 4534 1772 4592; x_wconf 83' lang='lat' dir='ltr'>saecularibus</span> <span class='ocrx_word' id='word_1_673' title='bbox 1785 4538 1865 4592; x_wconf 89' lang='lat' dir='ltr'>etiam</span> <span class='ocrx_word' id='word_1_674' title='bbox 1882 4540 1980 4608; x_wconf 75' lang='lat' dir='ltr'>litteris</span> <span class='ocrx_word' id='word_1_675' title='bbox 2007 4543 2047 4597; x_wconf 79' lang='lat' dir='ltr'>in..</span> 
     </span>
     <span class='ocr_line' id='line_1_94' title="bbox 1249 4617 2045 4699; baseline 0.025 -31"><span class='ocrx_word' id='word_1_676' title='bbox 1249 4617 1344 4685; x_wconf 83' lang='lat' dir='ltr'>gimus.</span> <span class='ocrx_word' id='word_1_677' title='bbox 1363 4617 1428 4673; x_wconf 86' lang='lat' dir='ltr'>Nam</span> <span class='ocrx_word' id='word_1_678' title='bbox 1445 4620 1501 4690; x_wconf 90' lang='lat' dir='ltr'>ipse</span> <span class='ocrx_word' id='word_1_679' title='bbox 1518 4621 1691 4694; x_wconf 76' lang='lat' dir='ltr'>Pythagoras,</span> <span class='ocrx_word' id='word_1_680' title='bbox 1705 4639 1720 4679; x_wconf 92' lang='lat' dir='ltr'>a</span> <span class='ocrx_word' id='word_1_681' title='bbox 1732 4640 1785 4696; x_wconf 92' lang='lat' dir='ltr'>quo</span> <span class='ocrx_word' id='word_1_682' title='bbox 1796 4627 1975 4699; x_wconf 79' lang='lat' dir='ltr'>philosophi-e</span> <span class='ocrx_word' id='word_1_683' title='bbox 1993 4647 2045 4687; x_wconf 65' lang='lat' dir='ltr'>noa</span> 
     </span>
     <span class='ocr_line' id='line_1_95' title="bbox 1249 4712 2045 4785; baseline 0.02 -23"><span class='ocrx_word' id='word_1_684' title='bbox 1249 4724 1310 4764; x_wconf 78' lang='grc' dir='ltr'>ιιιιο</span> <span class='ocrx_word' id='word_1_685' title='bbox 1332 4718 1453 4766; x_wconf 85' lang='lat' dir='ltr'>exortunr</span> <span class='ocrx_word' id='word_1_686' title='bbox 1468 4720 1524 4778; x_wconf 89' lang='lat' dir='ltr'>est,</span> <span class='ocrx_word' id='word_1_687' title='bbox 1540 4712 1640 4770; x_wconf 84' lang='lat' dir='ltr'>dixisse</span> <span class='ocrx_word' id='word_1_688' title='bbox 1658 4714 1763 4785; x_wconf 87' lang='lat' dir='ltr'>lertnr,</span> <span class='ocrx_word' id='word_1_689' title='bbox 1787 4718 1862 4774; x_wconf 92' lang='lat' dir='ltr'>iilum</span> <span class='ocrx_word' id='word_1_690' title='bbox 1878 4719 1962 4776; x_wconf 84' lang='lat' dir='ltr'>inisse</span> <span class='ocrx_word' id='word_1_691' title='bbox 1986 4737 2045 4779; x_wconf 79' lang='grc' dir='ltr'>οιο·</span> 
     </span>
     <span class='ocr_line' id='line_1_96' title="bbox 1249 4799 2046 4879; baseline 0.023 -27"><span class='ocrx_word' id='word_1_692' title='bbox 1249 4799 1322 4853; x_wconf 92' lang='lat' dir='ltr'>nium</span> <span class='ocrx_word' id='word_1_693' title='bbox 1336 4802 1571 4870; x_wconf 88' lang='lat' dir='ltr'>sapientissimum,</span> <span class='ocrx_word' id='word_1_694' title='bbox 1580 4805 1624 4874; x_wconf 92' lang='lat' dir='ltr'>qni</span> <span class='ocrx_word' id='word_1_695' title='bbox 1638 4807 1764 4863; x_wconf 79' lang='lat' dir='ltr'>vocabula</span> <span class='ocrx_word' id='word_1_696' title='bbox 1777 4809 1878 4879; x_wconf 84' lang='lat' dir='ltr'>primus</span> <span class='ocrx_word' id='word_1_697' title='bbox 1893 4811 1988 4869; x_wconf 84' lang='lat' dir='ltr'>indidit</span> <span class='ocrx_word' id='word_1_698' title='bbox 2002 4829 2046 4870; x_wconf 80' lang='lat' dir='ltr'>re·</span> 
     </span>
     <span class='ocr_line' id='line_1_97' title="bbox 1249 4890 2046 4969; baseline 0.021 -26"><span class='ocrx_word' id='word_1_699' title='bbox 1249 4890 1308 4944; x_wconf 88' lang='lat' dir='ltr'>bns.</span> <span class='ocrx_word' id='word_1_700' title='bbox 1327 4890 1427 4947; x_wconf 84' lang='lat' dir='ltr'>i&#39;erum</span> <span class='ocrx_word' id='word_1_701' title='bbox 1450 4894 1499 4950; x_wconf 93' lang='lat' dir='ltr'>etsi</span> <span class='ocrx_word' id='word_1_702' title='bbox 1521 4894 1586 4950; x_wconf 89' lang='lat' dir='ltr'>niirii</span> <span class='ocrx_word' id='word_1_703' title='bbox 1607 4897 1659 4952; x_wconf 91' lang='lat' dir='ltr'>tale</span> <span class='ocrx_word' id='word_1_704' title='bbox 1679 4896 1714 4954; x_wconf 90' lang='lat' dir='ltr'>de</span> <span class='ocrx_word' id='word_1_705' title='bbox 1734 4899 1819 4953; x_wconf 81' lang='lat' dir='ltr'>lidum</span> <span class='ocrx_word' id='word_1_706' title='bbox 1841 4899 2046 4969; x_wconf 82' lang='lat' dir='ltr'>didicissemus.</span> 
     </span>
     <span class='ocr_line' id='line_1_98' title="bbox 1249 4986 2044 5064; baseline 0.019 -28"><span class='ocrx_word' id='word_1_707' title='bbox 1249 4991 1369 5037; x_wconf 87' lang='lat' dir='ltr'>nostrum</span> <span class='ocrx_word' id='word_1_708' title='bbox 1389 4992 1447 5038; x_wconf 88' lang='lat' dir='ltr'>erat</span> <span class='ocrx_word' id='word_1_709' title='bbox 1465 4986 1555 5055; x_wconf 88' lang='lat' dir='ltr'>utique</span> <span class='ocrx_word' id='word_1_710' title='bbox 1567 5001 1628 5042; x_wconf 85' lang='lat' dir='ltr'>rora</span> <span class='ocrx_word' id='word_1_711' title='bbox 1645 4989 1747 5044; x_wconf 89' lang='lat' dir='ltr'>ratione</span> <span class='ocrx_word' id='word_1_712' title='bbox 1758 4990 1906 5060; x_wconf 82' lang='lat' dir='ltr'>conjicere,</span> <span class='ocrx_word' id='word_1_713' title='bbox 1918 4994 2005 5064; x_wconf 87' lang='lat' dir='ltr'>qualis</span> <span class='ocrx_word' id='word_1_714' title='bbox 2016 4996 2044 5051; x_wconf 90' lang='lat' dir='ltr'>in</span> 
     </span>
     <span class='ocr_line' id='line_1_99' title="bbox 1248 5073 2043 5153; baseline 0.02 -25"><span class='ocrx_word' id='word_1_715' title='bbox 1248 5073 1293 5128; x_wconf 93' lang='lat' dir='ltr'>illo</span> <span class='ocrx_word' id='word_1_716' title='bbox 1307 5074 1413 5130; x_wconf 87' lang='lat' dir='ltr'>bomine</span> <span class='ocrx_word' id='word_1_717' title='bbox 1433 5086 1528 5132; x_wconf 89' lang='lat' dir='ltr'>natura</span> <span class='ocrx_word' id='word_1_718' title='bbox 1541 5080 1575 5134; x_wconf 90' lang='lat' dir='ltr'>sit</span> <span class='ocrx_word' id='word_1_719' title='bbox 1585 5080 1701 5147; x_wconf 90' lang='lat' dir='ltr'>condita,</span> <span class='ocrx_word' id='word_1_720' title='bbox 1716 5083 1742 5137; x_wconf 91' lang='lat' dir='ltr'>in</span> <span class='ocrx_word' id='word_1_721' title='bbox 1755 5097 1807 5153; x_wconf 89' lang='lat' dir='ltr'>qno</span> <span class='ocrx_word' id='word_1_722' title='bbox 1822 5084 1916 5140; x_wconf 82' lang='lat' dir='ltr'>uitium</span> <span class='ocrx_word' id='word_1_723' title='bbox 1929 5089 2043 5144; x_wconf 88' lang='lat' dir='ltr'>omnino</span> 
     </span>
     <span class='ocr_line' id='line_1_100' title="bbox 1247 5165 2040 5250; baseline 0.024 -32"><span class='ocrx_word' id='word_1_724' title='bbox 1247 5165 1348 5219; x_wconf 88' lang='grc' dir='ltr'>ιιοΙΙιιιιι</span> <span class='ocrx_word' id='word_1_725' title='bbox 1364 5165 1496 5236; x_wconf 79' lang='lat' dir='ltr'>inin&#39;Qnis</span> <span class='ocrx_word' id='word_1_726' title='bbox 1508 5178 1596 5225; x_wconf 91' lang='lat' dir='ltr'>autem</span> <span class='ocrx_word' id='word_1_727' title='bbox 1606 5187 1691 5242; x_wconf 90' lang='lat' dir='ltr'>usqne</span> <span class='ocrx_word' id='word_1_728' title='bbox 1701 5174 1767 5229; x_wconf 87' lang='lat' dir='ltr'>adeo</span> <span class='ocrx_word' id='word_1_729' title='bbox 1779 5176 1813 5230; x_wconf 91' lang='lat' dir='ltr'>sit</span> <span class='ocrx_word' id='word_1_730' title='bbox 1824 5177 2040 5250; x_wconf 83' lang='lat' dir='ltr'>tardusingenio,</span> 
     </span>
     <span class='ocr_line' id='line_1_101' title="bbox 1247 5255 2042 5340; baseline 0.019 -30"><span class='ocrx_word' id='word_1_731' title='bbox 1247 5266 1276 5312; x_wconf 92' lang='lat' dir='ltr'>nt</span> <span class='ocrx_word' id='word_1_732' title='bbox 1285 5255 1318 5311; x_wconf 91' lang='lat' dir='ltr'>ad</span> <span class='ocrx_word' id='word_1_733' title='bbox 1334 5269 1455 5313; x_wconf 90' lang='lat' dir='ltr'>naturam</span> <span class='ocrx_word' id='word_1_734' title='bbox 1469 5271 1547 5333; x_wconf 89' lang='lat' dir='ltr'>neget</span> <span class='ocrx_word' id='word_1_735' title='bbox 1558 5261 1671 5318; x_wconf 91' lang='lat' dir='ltr'>obtunsa</span> <span class='ocrx_word' id='word_1_736' title='bbox 1683 5266 1724 5319; x_wconf 88' lang='lat' dir='ltr'>vel</span> <span class='ocrx_word' id='word_1_737' title='bbox 1743 5275 1819 5321; x_wconf 82' lang='lat' dir='ltr'>acuta</span> <span class='ocrx_word' id='word_1_738' title='bbox 1833 5267 1939 5338; x_wconf 77' lang='lat' dir='ltr'>iungentia</span> <span class='ocrx_word' id='word_1_739' title='bbox 1955 5276 2042 5340; x_wconf 88' lang='lat' dir='ltr'>pcrti-</span> 
     </span>
     <span class='ocr_line' id='line_1_102' title="bbox 1247 5351 2043 5420; baseline 0.023 -18"><span class='ocrx_word' id='word_1_740' title='bbox 1247 5363 1322 5414; x_wconf 87' lang='lat' dir='ltr'>nere,</span> <span class='ocrx_word' id='word_1_741' title='bbox 1338 5358 1384 5404; x_wconf 91' lang='lat' dir='ltr'>aut</span> <span class='ocrx_word' id='word_1_742' title='bbox 1393 5351 1527 5407; x_wconf 82' lang='lat' dir='ltr'>eristirnet</span> <span class='ocrx_word' id='word_1_743' title='bbox 1538 5368 1589 5408; x_wconf 87' lang='lat' dir='ltr'>noa</span> <span class='ocrx_word' id='word_1_744' title='bbox 1600 5369 1661 5410; x_wconf 90' lang='lat' dir='ltr'>esse</span> <span class='ocrx_word' id='word_1_745' title='bbox 1673 5357 1753 5411; x_wconf 89' lang='lat' dir='ltr'>animi</span> <span class='ocrx_word' id='word_1_746' title='bbox 1766 5359 1828 5413; x_wconf 82' lang='lat' dir='ltr'>vitia</span> <span class='ocrx_word' id='word_1_747' title='bbox 1841 5360 1883 5414; x_wconf 83' lang='lat' dir='ltr'>rei</span> <span class='ocrx_word' id='word_1_748' title='bbox 1903 5367 2043 5420; x_wconf 74' lang='lat' dir='ltr'>interioria</span> 
     </span>
     <span class='ocr_line' id='line_1_103' title="bbox 1247 5439 2041 5517; baseline 0.025 -27"><span class='ocrx_word' id='word_1_749' title='bbox 1247 5440 1288 5492; x_wconf 83' lang='lat' dir='ltr'>sci</span> <span class='ocrx_word' id='word_1_750' title='bbox 1304 5439 1484 5509; x_wconf 75' lang='lat' dir='ltr'>intelligentie</span> <span class='ocrx_word' id='word_1_751' title='bbox 1494 5442 1662 5498; x_wconf 74' lang='lat' dir='ltr'>tarditatem?</span> <span class='ocrx_word' id='word_1_752' title='bbox 1681 5446 1712 5500; x_wconf 70' lang='lat' dir='ltr'>ilt</span> <span class='ocrx_word' id='word_1_753' title='bbox 1727 5448 1787 5517; x_wconf 87' lang='lat' dir='ltr'>quis</span> <span class='ocrx_word' id='word_1_754' title='bbox 1800 5447 1906 5507; x_wconf 86' lang='lat' dir='ltr'>dubitet</span> <span class='ocrx_word' id='word_1_755' title='bbox 1917 5453 2041 5510; x_wconf 76' lang='lat' dir='ltr'>cliristia·</span> 
     </span>
     <span class='ocr_line' id='line_1_104' title="bbox 1247 5532 2042 5616; baseline 0.023 -34"><span class='ocrx_word' id='word_1_756' title='bbox 1247 5544 1308 5596; x_wconf 88' lang='lat' dir='ltr'>nus,</span> <span class='ocrx_word' id='word_1_757' title='bbox 1323 5543 1370 5584; x_wconf 88' lang='lat' dir='ltr'>eos</span> <span class='ocrx_word' id='word_1_758' title='bbox 1392 5533 1437 5600; x_wconf 86' lang='lat' dir='ltr'>qui</span> <span class='ocrx_word' id='word_1_759' title='bbox 1464 5532 1490 5586; x_wconf 89' lang='lat' dir='ltr'>in</span> <span class='ocrx_word' id='word_1_760' title='bbox 1509 5532 1559 5586; x_wconf 86' lang='lat' dir='ltr'>line</span> <span class='ocrx_word' id='word_1_761' title='bbox 1587 5538 1687 5590; x_wconf 72' lang='lat' dir='ltr'>seculo</span> <span class='ocrx_word' id='word_1_762' title='bbox 1706 5538 1844 5595; x_wconf 87' lang='lat' dir='ltr'>erroribus</span> <span class='ocrx_word' id='word_1_763' title='bbox 1858 5546 2042 5616; x_wconf 68' lang='lat' dir='ltr'>innumerisque</span> 
     </span>
     <span class='ocr_line' id='line_1_105' title="bbox 1246 5620 2040 5709; baseline 0.024 -34"><span class='ocrx_word' id='word_1_764' title='bbox 1246 5620 1418 5692; x_wconf 82' lang='lat' dir='ltr'>plenissimo,</span> <span class='ocrx_word' id='word_1_765' title='bbox 1433 5625 1639 5696; x_wconf 88' lang='lat' dir='ltr'>ingeniosissimi</span> <span class='ocrx_word' id='word_1_766' title='bbox 1658 5641 1803 5709; x_wconf 86' lang='lat' dir='ltr'>apparent,</span> <span class='ocrx_word' id='word_1_767' title='bbox 1819 5650 1934 5706; x_wconf 91' lang='lat' dir='ltr'>quornm</span> <span class='ocrx_word' id='word_1_768' title='bbox 1950 5649 2040 5695; x_wconf 79' lang='lat' dir='ltr'>narnien</span> 
     </span>
     <span class='ocr_line' id='line_1_106' title="bbox 1246 5715 2038 5802; baseline 0.025 -36"><span class='ocrx_word' id='word_1_769' title='bbox 1246 5715 1428 5785; x_wconf 89' lang='lat' dir='ltr'>corruptibilia</span> <span class='ocrx_word' id='word_1_770' title='bbox 1453 5731 1564 5788; x_wconf 85' lang='lat' dir='ltr'>corpora</span> <span class='ocrx_word' id='word_1_771' title='bbox 1577 5732 1719 5790; x_wconf 77' lang='lat' dir='ltr'>aggravant</span> <span class='ocrx_word' id='word_1_772' title='bbox 1735 5725 1849 5802; x_wconf 76' lang='lat' dir='ltr'>animas,</span> <span class='ocrx_word' id='word_1_773' title='bbox 1864 5730 1888 5782; x_wconf 75' lang='lat' dir='ltr'>si</span> <span class='ocrx_word' id='word_1_774' title='bbox 1905 5729 1978 5785; x_wconf 89' lang='lat' dir='ltr'>iilius</span> <span class='ocrx_word' id='word_1_775' title='bbox 2000 5733 2038 5785; x_wconf 87' lang='lat' dir='ltr'>in·</span> 
     </span>
     <span class='ocr_line' id='line_1_107' title="bbox 1246 5804 2034 5888; baseline 0.025 -32"><span class='ocrx_word' id='word_1_776' title='bbox 1246 5804 1325 5873; x_wconf 84' lang='lat' dir='ltr'>genio</span> <span class='ocrx_word' id='word_1_777' title='bbox 1338 5819 1536 5874; x_wconf 71' lang='lat' dir='ltr'>corriperentur,</span> <span class='ocrx_word' id='word_1_778' title='bbox 1552 5808 1651 5865; x_wconf 86' lang='lat' dir='ltr'>distare</span> <span class='ocrx_word' id='word_1_779' title='bbox 1663 5810 1743 5884; x_wconf 83' lang='lat' dir='ltr'>lorige</span> <span class='ocrx_word' id='word_1_780' title='bbox 1756 5817 1870 5885; x_wconf 87' lang='lat' dir='ltr'>amplius</span> <span class='ocrx_word' id='word_1_781' title='bbox 1880 5835 1961 5888; x_wconf 82' lang='lat' dir='ltr'>quarn</span> <span class='ocrx_word' id='word_1_782' title='bbox 1972 5824 2034 5876; x_wconf 77' lang='lat' dir='ltr'>erir-</span> 
     </span>
     <span class='ocr_line' id='line_1_108' title="bbox 1246 5894 2038 5985; baseline 0.029 -37"><span class='ocrx_word' id='word_1_783' title='bbox 1246 5894 1325 5950; x_wconf 89' lang='lat' dir='ltr'>ritate</span> <span class='ocrx_word' id='word_1_784' title='bbox 1339 5911 1354 5949; x_wconf 89' lang='lat' dir='ltr'>a</span> <span class='ocrx_word' id='word_1_785' title='bbox 1368 5898 1520 5954; x_wconf 75' lang='lat' dir='ltr'>solutoribus</span> <span class='ocrx_word' id='word_1_786' title='bbox 1535 5902 1682 5958; x_wconf 87' lang='lat' dir='ltr'>testudines</span> <span class='ocrx_word' id='word_1_787' title='bbox 1703 5904 1823 5962; x_wconf 83' lang='lat' dir='ltr'>distanti</span> <span class='ocrx_word' id='word_1_788' title='bbox 1838 5908 1955 5981; x_wconf 87' lang='lat' dir='ltr'>ingeniis</span> <span class='ocrx_word' id='word_1_789' title='bbox 1977 5929 2038 5985; x_wconf 85' lang='lat' dir='ltr'>ergo</span> 
     </span>
     <span class='ocr_line' id='line_1_109' title="bbox 1248 5988 2038 6072; baseline 0.029 -34"><span class='ocrx_word' id='word_1_790' title='bbox 1248 5995 1301 6040; x_wconf 90' lang='lat' dir='ltr'>tam</span> <span class='ocrx_word' id='word_1_791' title='bbox 1326 5988 1517 6045; x_wconf 71' lang='lat' dir='ltr'>excellentibus</span> <span class='ocrx_word' id='word_1_792' title='bbox 1538 5994 1652 6062; x_wconf 87' lang='lat' dir='ltr'>paradisi</span> <span class='ocrx_word' id='word_1_793' title='bbox 1680 5995 1792 6056; x_wconf 80' lang='lat' dir='ltr'>niiciras</span> <span class='ocrx_word' id='word_1_794' title='bbox 1813 5999 1991 6072; x_wconf 85' lang='lat' dir='ltr'>impieretur,</span> <span class='ocrx_word' id='word_1_795' title='bbox 2017 6007 2038 6061; x_wconf 85' lang='lat' dir='ltr'>si</span> 
     </span>
    </p>
   </div>
   <div class='ocr_carea' id='block_1_14' title="bbox 1232 6087 2035 6167">
    <p class='ocr_par' dir='ltr' id='par_1_15' title="bbox 1232 6087 2035 6167">
     <span class='ocr_line' id='line_1_110' title="bbox 1232 6087 2035 6167; baseline 0.035 -40"><span class='ocrx_word' id='word_1_796' title='bbox 1232 6093 1325 6146; x_wconf 14' lang='lat' dir='ltr'>&#39;guertio</span> <span class='ocrx_word' id='word_1_797' title='bbox 1350 6093 1504 6154; x_wconf 66' lang='lat' dir='ltr'>puduisset:</span> <span class='ocrx_word' id='word_1_798' title='bbox 1521 6087 1586 6141; x_wconf 80' lang='lat' dir='ltr'>tales·</span> <span class='ocrx_word' id='word_1_799' title='bbox 1610 6088 1706 6162; x_wconf 77' lang='lat' dir='ltr'>qnippe</span> <span class='ocrx_word' id='word_1_800' title='bbox 1733 6088 1801 6145; x_wconf 79' lang='lat' dir='ltr'>lictis·</span> <span class='ocrx_word' id='word_1_801' title='bbox 1825 6091 1859 6146; x_wconf 82' lang='lat' dir='ltr'>de</span> <span class='ocrx_word' id='word_1_802' title='bbox 1881 6098 2035 6167; x_wconf 62' lang='lat' dir='ltr'>parientibus-</span> 
     </span>
    </p>
   </div>
   <div class='ocr_carea' id='block_1_15' title="bbox 0 0 2454 6892">
    <p class='ocr_par' dir='ltr' id='par_1_16' title="bbox 0 0 2454 6892">
     <span class='ocr_line' id='line_1_111' title="bbox 0 0 2454 6892; baseline 0 0"><span class='ocrx_word' id='word_1_803' title='bbox 0 0 2454 6892; x_wconf 95' lang='lat' dir='ltr'> </span> 
     </span>
    </p>
   </div>
  </div>
 </body>
</html>
