4900 6892
378 667 460 722 i'llss.

376 788 533 840 naturarmu
553 785 645 831 auctor
664 771 793 830 botrorum
806 773 880 829 nullo
894 771 982 844 opteris
999 771 1039 827 sui
1061 769 1175 827 crimine

377 871 538 933 uraeulatus,
562 884 610 937 per
630 867 720 922 onruia
742 867 829 923 bouus
849 865 983 938 probatur.
1000 884 1009 917 ι
1031 863 1088 920 lloe
1100 863 1172 921 euim

377 971 463 1017 totum
483 960 537 1016 illic
550 961 558 992 ¹
573 959 751 1025 cortrtectitur,
772 956 843 1028 quod
863 976 873 1011 ι
892 954 979 1011 omnis
998 964 1130 1022 creatura,
1144 953 1172 1010 in

375 1062 505 1124 quantum
519 1048 651 1116 condatur,
664 1049 734 1105 bena
746 1059 798 1105 est.
816 1069 826 1102 ι
844 1052 882 1104 Ac
893 1063 940 1118 per
952 1047 1003 1103 hoe
1014 1057 1041 1104 et
1053 1047 1135 1102 homo
1145 1046 1171 1102 in

374 1154 505 1216 quantum
521 1142 656 1210 conditur,
671 1141 808 1197 bonusest
826 1158 834 1194 :
855 1141 882 1196 iu
895 1149 1023 1211 quantum
1036 1147 1125 1194 autem
1139 1136 1174 1194 de

376 1237 468 1293 vitiata
483 1236 587 1308 origine
604 1243 758 1307 generatur,
774 1234 860 1290 bonus
875 1248 928 1289 nou
944 1241 1000 1301 est;
1016 1231 1077 1289 ideo
1095 1247 1173 1305 rege·

375 1326 511 1382 necandus
524 1335 576 1382 est.

414 1417 492 1474 CLX.
509 1418 570 1474 lut.
584 1416 636 1472 Sed
651 1425 738 1471 tamen
751 1415 795 1472 ille
808 1415 852 1487 qoi
868 1413 978 1470 lulmiuc
987 1413 1106 1470 veritatis
1119 1421 1173 1469 tam

376 1510 525 1580 perspicuae
546 1508 662 1575 interiit,
681 1523 714 1563 ex
734 1515 810 1578 parte
823 1507 911 1578 aliqua
931 1505 1035 1562 ridetur
1053 1506 1167 1575 spirare,

376 1616 438 1656 enm
448 1600 584 1658 confertur
597 1600 653 1656 tibi.
668 1599 788 1655 lliieoim
799 1609 853 1654 tota
863 1596 996 1670 dogmatis
1008 1598 1059 1663 sui,
1076 1596 1170 1653 tonda-

376 1690 535 1761 nrcntoejus
546 1688 998 1753 tantummodonutante,struetura
1009 1685 1171 1743 collabitur:

376 1782 424 1837 tilti
435 1790 525 1837 autem
540 1780 589 1835 tria
600 1777 723 1835 sitrriii'ter
735 1778 870 1846 cacillant,
882 1786 911 1833 ut
923 1777 960 1834 illi
971 1792 1063 1832 unum.
1078 1777 1117 1832 dc
1126 1790 1175 1846 per

376 1879 439 1943 hoe,
453 1874 514 1930 ride
528 1882 617 1929 utrum
634 1869 741 1928 aedidcii
757 1871 794 1927 tui
816 1870 960 1942 quidquam
981 1868 1064 1940 possit
1082 1883 1173 1924 essur-

375 1954 449 2033 qere.
471 1963 562 2020 limace
579 1966 590 1996 ¹
613 1978 678 2034 erqo
698 1971 794 2032 puteos
810 1975 872 2018 esso
884 1960 1005 2016 naturale
1019 1967 1170 2031 peccatum,

376 2054 449 2124 quod
462 2054 512 2111 uisi
525 2053 703 2110 volontarium
716 2067 776 2108 csse
791 2067 844 2107 non
860 2059 959 2122 potest,
976 2049 1002 2107 ln
1015 2065 1099 2106 vacue
1110 2047 1171 2104 lun·

377 2146 503 2204 demente
516 2147 622 2204 locavit.
638 2145 751 2217 Reliqua
768 2159 833 2200 reru
845 2144 920 2214 Juxta
933 2159 963 2199 se
977 2150 1173 2213 consequenter

377 2239 518 2310 imposuit,
541 2237 646 2306 dicens,
670 2235 797 2307 quoniam
818 2241 861 2291 est
882 2233 1003 2288 naturale
1022 2241 1170 2303 peceatum,

377 2330 475 2384 malam
489 2343 549 2386 esse
562 2336 701 2393 naturam;
718 2325 796 2381 malac
809 2333 898 2380 autem
913 2322 952 2379 rei
972 2333 1108 2378 auctorem
1121 2320 1172 2377 lto·

376 2435 441 2474 uum
456 2435 509 2475 nou
523 2434 583 2475 esse
599 2436 606 2474 ε
622 2433 654 2473 ae
677 2432 724 2487 per
740 2417 803 2484 hoc,
822 2429 902 2471 omne
923 2414 1068 2469 immanem
1089 2427 1173 2483 genos

375 2511 555 2580 reputandum
568 2509 681 2579 principi
693 2508 863 2571 tenebrarum
878 2523 885 2559 ι
898 2504 970 2576 quod
981 2513 1065 2559 totum
1079 2503 1173 2574 utique

374 2610 449 2656 stare
465 2600 604 2670 potuisset,
621 2599 672 2653 uisi
685 2597 750 2653 illud
761 2598 876 2667 primurn
890 2597 949 2666 ejus
965 2593 1118 2649 suffodisset
1129 2609 1173 2649 re·

375 2692 454 2757 ritas,
470 2691 495 2744 id
511 2698 563 2754 est,
580 2697 719 2759 peccatum
733 2701 800 2757 opus
815 2685 907 2741 lilterae
921 2684 1065 2739 voluntatis
1083 2682 1172 2739 doceri

375 2780 498 2853 naturale
518 2796 571 2835 non
601 2793 701 2849 posse,
725 2787 752 2834 et
772 2774 902 2849 quidquid
924 2775 1018 2831 luisset
1040 2774 1171 2839 naturale,

376 2884 516 2946 peecatum
528 2889 654 2929 essenon
670 2886 758 2941 posse.

411 2969 480 3023 Auo.
497 2964 624 3022 Similiter
634 2971 726 3019 contra
739 2973 764 3016 te
774 2969 863 3030 potest
874 2958 1040 3014 ratiocinatio
1051 2958 1100 3014 ista
1108 2954 1175 3012 con?

376 3058 431 3114 texi
446 3075 453 3112 :
469 3056 534 3122 Quia
551 3071 604 3110 nou
621 3054 655 3109 ita
670 3055 757 3108 lattttrs
771 3066 810 3116 rs,
827 3059 857 3104 ut
870 3048 974 3121 ingenia
987 3048 1069 3115 latua,
1090 3048 1172 3103 idest

374 3146 465 3203 latuos
478 3147 610 3212 homines,
626 3143 699 3199 nasci
724 3157 804 3214 oeqes
820 3159 826 3195 :
843 3154 906 3211 ergo
920 3138 981 3194 audi
995 3148 1039 3195 tua
1052 3137 1171 3193 fatuitate

374 3247 507 3312 qnantum
528 3235 662 3308 adjut-eris
677 3234 839 3290 dementiam
853 3230 1002 3287 llaaielraei.
1017 3229 1086 3285 Dicit
1099 3229 1171 3284 cuim

375 3332 512 3386 doetusa
542 3337 567 3384 te
601 3327 669 3398 ipso,
694 3326 818 3397 quoniam
840 3323 968 3379 naturalis
993 3329 1035 3377 est
1054 3319 1170 3386 fatuitas,

374 3420 499 3478 earrtdcm
515 3419 613 3474 latuam
631 3433 692 3474 esse
712 3426 851 3481 naumann
872 3413 1007 3487 quomode
1020 3422 1048 3468 tu
1062 3411 1171 3480 dixisti,

377 3531 387 3565 ι
404 3510 533 3583 quoniam
548 3518 600 3578 est,
615 3508 735 3564 naturale
746 3515 895 3578 peecatum,
912 3503 1010 3559 malum
1022 3516 1083 3558 esse
1095 3510 1172 3556 natu·

375 3622 436 3660 ram
455 3622 463 3661 ι
485 3623 495 3658 ι
519 3602 616 3660 deiude
630 3603 674 3658 illc
696 3600 785 3666 addit,
811 3598 890 3654 latum
912 3605 1000 3652 autem
1025 3594 1063 3650 rei
1079 3602 1171 3649 aucto-

374 3713 434 3752 rent
455 3696 602 3767 sapientem
624 3709 677 3749 noo
697 3706 775 3758 esse;
800 3692 869 3747 sicut
898 3698 926 3743 ιιι
949 3686 1048 3752 dixisti,
1066 3703 1076 3736 ι
1095 3686 1172 3740 malae

374 3799 466 3844 :autern
494 3787 532 3842 rei
558 3794 696 3842 auctorem
725 3784 821 3837 itanum
845 3795 897 3835 nou
926 3794 1007 3835 esse:
1033 3795 1043 3830 r
1066 3787 1171 3848 postre-

374 3896 422 3936 mo
449 3880 493 3935 ille
523 3875 673 3941 concludit,
698 3878 736 3930 de
754 3891 801 3946 per
834 3871 895 3937 lroe,
929 3868 1062 3924 iatttrtrum
1085 3867 1172 3922 lromi·

374 3989 441 4029 num
472 3986 560 4043 qenes
596 3967 770 4040 reputandum
794 3962 905 4036 principi
936 3960 1105 4026 tenebrarum
1133 3958 1172 4014 sic

374 4065 448 4119 eninr
473 4073 501 4118 et
523 4070 551 4117 tu
572 4059 736 4124 conclusisti,
757 4057 867 4113 iliceos:
881 4072 891 4106 ι
907 4054 945 4108 dc
957 4068 1004 4122 per
1016 4052 1076 4116 loc,
1092 4063 1170 4106 omne

375 4156 521 4208 luarnannm
533 4166 616 4222 genus
630 4148 805 4220 reputandum
823 4143 932 4216 principi
944 4138 1142 4197 tenebrarum¹.
1159 4156 1171 4193 ι

376 4246 448 4301 Erec
457 4243 668 4298 llanicltmusore
679 4250 723 4295 ιιιο
733 4238 889 4304 tericit,tuo
904 4231 1170 4305 tegladiojoqnlarit.

374 4334 446 4405 Quid
466 4350 495 4390 es
513 4331 638 4388 actutusi
662 4329 754 4401 Neque
772 4328 842 4384 enim
865 4335 890 4381 te
909 4324 1037 4379 adversus
1050 4336 1110 4376 eom
1122 4333 1171 4391 po·

376 4439 430 4485 tcst
455 4424 553 4497 aliquid
576 4425 713 4496 adinrare,
735 4435 767 4476 ac
788 4433 841 4475 nou
863 4417 943 4472 ctiam
969 4414 1027 4485 plus
1050 4427 1173 4482 premere

375 4529 457 4593 atque
467 4518 621 4583 conradere,
633 4515 704 4588 quod
715 4513 845 4584 adjungis,
865 4520 892 4566 et
903 4508 982 4574 dicis,
997 4526 1007 4560 ι
1022 4514 1105 4561 totum
1123 4504 1173 4559 linc

376 4612 471 4682 utique
484 4619 556 4665 stare
576 4607 705 4678 potuisse,
724 4603 776 4659 uisi
793 4601 857 4658 illud
875 4601 989 4670 primum
1007 4597 1066 4668 ejus
1089 4593 1170 4649 salio-

375 4704 461 4758 disset
475 4701 582 4764 veritas,
603 4699 629 4753 id
646 4706 697 4762 est,
713 4704 849 4767 peecatum
864 4707 932 4760 opus
946 4690 1036 4745 liberae
1050 4687 1172 4742 volonta-

378 4796 415 4850 tis
427 4793 517 4849 doceri
530 4790 650 4846 naturale
665 4804 716 4842 raon
731 4800 818 4857 posse,
835 4793 864 4839 et
877 4780 1004 4865 quidquid
1019 4778 1110 4833 inisset
1123 4790 1171 4831 na·

379 4883 475 4950 torale,
492 4893 628 4954 peecatum
643 4893 767 4934 essenon
782 4889 870 4946 posse.
888 4893 897 4926 ι
913 4871 980 4940 Quid
995 4883 1020 4924 te
1031 4871 1081 4923 lroe
1095 4867 1173 4937 adju·

376 4984 434 5040 rat,
449 4983 477 5030 et
492 4971 625 5044 quemodo
640 4985 692 5025 non
705 4970 788 5039 magis
798 4966 934 5036 magisque
948 4960 1076 5017 sulioeatl
1090 4960 1172 5014 Num·

377 5065 443 5139 quid
450 5066 520 5121 euim
532 5073 607 5135 potes
620 5063 718 5129 dicere,
733 5059 878 5115 [utilitatem
889 5054 1036 5110 naturalem
1051 5066 1111 5107 esse
1121 5067 1173 5106 non

378 5155 478 5226 possei
490 5164 543 5210 stat
555 5168 618 5225 ergo
631 5151 758 5206 aduersas
768 5158 804 5213 te,
819 5145 889 5217 qood
901 5147 926 5199 in
939 5142 1019 5198 simili
1033 5141 1173 5196 ratiocina-

379 5252 454 5302 tione
470 5247 584 5316 primum
600 5243 688 5314 posuit
703 5237 874 5301 llauiclrarns,
896 5234 1022 5305 quoniam
1039 5241 1079 5288 est
1098 5239 1174 5286 natu·

378 5339 444 5394 ralia
457 5337 563 5392 fatuitas
581 5354 587 5391 :
607 5334 650 5390 cni
669 5332 742 5388 rclut
756 5328 930 5385 laudamento
942 5334 1039 5380 catera
1053 5323 1111 5393 ejus
1124 5337 1173 5392 po·-

379 5430 443 5485 tasti
462 5435 658 5498 consequenter
671 5431 787 5479 astructa
802 5419 824 5486 ⁸,
845 5432 930 5488 usque
949 5416 982 5471 ad
1002 5415 1109 5470 culmen
1130 5413 1174 5468 ubi

377 5522 464 5589 dicit,
483 5520 535 5577 tale
554 5518 692 5575 homiuum
707 5527 791 5586 genus
806 5509 982 5581 reputandum
999 5507 1109 5581 principi
1134 5515 1175 5560 te-

380 5614 536 5671 urinarum.
559 5610 613 5666 Nos
635 5617 723 5664 autem
746 5604 860 5677 primum
885 5597 950 5655 illud
973 5596 1174 5651 laudamentum

414 5766 591 5887 ἰνειιοξιῑιῒίιειζιι
610 5833 637 5875 ιιι
648 5831 713 5884 ttss,
736 5828 816 5873 uanae
826 5833 835 5884 3
853 5829 942 5868 nomeu
962 5814 1085 5879 proprium
1103 5811 1175 5860 uani-

379 5895 475 6003 aioth
487 5960 540 6002 alm.
553 5949 712 6003 restituimus,
733 5946 768 5996 aie
776 5941 838 5994 errim
849 5949 871 5993 et
880 5947 905 5992 tu
916 5934 1061 5994 cmtclnristi,
1074 5931 1175 6006 dicensg

383 6036 397 6067 ι
411 6026 444 6066 Ae
455 6027 498 6076 per
510 6013 564 6073 noe,
574 6023 642 6063 otarrc
658 6009 789 6059 lanatarium
805 6017 879 6070 penas
896 6001 1057 6067 repatmtdunt
1070 6008 1174 6062 prtncmt

385 6098 397 6128 ι
414 6076 575 6130 terreorarmrr.
592 6089 604 6120 ι

418 6140 430 6173 ⁸
445 6140 483 6191 sie
494 6145 546 6188 ttss.
558 6143 586 6188 at
596 6136 676 6199 tipo,
687 6128 792 6184 ιιιιιιιιιι.

1074 656 1175 714 utpute
1194 655 1355 715 acutius

1952 663 2020 719 llll

1232 776 1290 844 ejus
1303 772 1458 841 evertimuS,
1477 775 1521 846 qui
1544 775 1691 830 naturalem
1707 774 1853 832 leuitatem
1873 775 1935 833 ideo
1954 779 2022 836 dicl-

1229 880 1299 930 mus,
1320 866 1382 936 quia
1405 875 1550 921 naseuntur
1569 867 1692 922 ltornines
1715 865 1779 922 intui
1802 885 1808 922 :
1831 882 1865 923 ea
1879 867 2022 927 accidente

1229 956 1332 1012 seilicet
1346 956 1418 1020 titio,
1429 972 1461 1012 er
1474 972 1528 1027 qao
1542 956 1694 1027 hujusmodi
1707 958 1782 1029 origo
1791 958 1888 1015 merito
1900 963 2023 1019 trahere-

1230 1055 1282 1113 tur,
1297 1062 1349 1103 ιιοιι
1360 1048 1421 1119 quia
1435 1062 1516 1118 prava
1527 1057 1569 1103 est
1582 1049 1704 1118 primitus
1718 1049 1832 1104 humana
1844 1050 1963 1106 instituta
1974 1066 2023 1107 na·

1230 1148 1297 1204 tura,
1323 1137 1390 1194 sicut
1415 1137 1511 1208 desipit
1536 1137 1707 1195 llarricltaeus.
1730 1139 1768 1194 dc
1782 1155 1831 1212 per
1854 1139 1915 1207 lroc,
1941 1141 2022 1198 etiam

1228 1226 1299 1299 quod
1309 1240 1504 1298 consequenter
1517 1227 1646 1299 adjungit,
1659 1229 1781 1285 eamdem
1792 1230 1891 1286 lamam
1903 1246 1964 1288 esse
1975 1246 2024 1290 ιιι-

1229 1326 1333 1385 ιιιιιιιις
1348 1332 1397 1373 nos
1410 1326 1520 1389 propter
1532 1318 1634 1385 vitium,
1646 1333 1708 1375 cum
1721 1334 1775 1391 quo
1787 1330 1866 1377 natus
1878 1331 1920 1378 est
1934 1322 2023 1379 tatum

1229 1409 1328 1478 homo,
1344 1426 1397 1466 non
1418 1417 1528 1482 propter
1542 1409 1651 1481 quadiu
1665 1411 1711 1467 illo
1726 1419 1767 1467 est
1781 1412 1915 1483 opilleiutn
1929 1415 2026 1474 condi·

1228 1501 1294 1556 toris
1316 1500 1389 1568 botri,
1402 1517 1494 1557 rerunt
1514 1517 1574 1558 esse
1587 1501 1769 1560 concedimus.
1791 1503 1876 1560 Natus
1894 1515 1935 1561 est
1949 1505 2024 1562 enlm

1228 1590 1325 1660 samus,
1336 1592 1471 1649 accidente
1482 1594 1565 1660 vitio,
1580 1593 1662 1650 homo
1675 1605 1764 1651 autem
1775 1603 1881 1651 creatus
1893 1605 1945 1662 est,
1958 1610 2024 1667 ope·

1228 1693 1303 1739 rante
1316 1684 1379 1740 ileo.
1395 1684 1495 1740 lleiude
1505 1685 1575 1756 quod
1588 1685 1671 1754 addit,
1685 1687 1763 1742 latua
1774 1697 1863 1744 autem
1879 1688 1918 1744 rci
1932 1697 2023 1744 aucto·

1227 1790 1284 1830 rem
1298 1790 1351 1829 non
1365 1790 1425 1830 csse
1439 1776 1605 1847 sapientem,
1622 1787 1651 1832 ut
1664 1792 1707 1833 res
1723 1779 1780 1850 ipsa
1794 1779 1875 1835 lrorno
1888 1781 2022 1852 intelliga-

1227 1874 1284 1932 tur,
1309 1880 1362 1920 non
1381 1880 1441 1921 csse
1455 1881 1621 1937 consequens
1634 1867 1758 1923 dicimus.
1773 1869 1839 1940 Ejus
1858 1870 1957 1941 quippe
1969 1870 2022 1926 uo·

1226 1955 1307 2012 minis
1320 1958 1366 2028 qui
1391 1956 1479 2013 latuus
1493 1968 1572 2015 natus
1586 1968 1636 2028 est,
1658 1960 1741 2016 Deum
1761 1954 1884 2030 dicimus,
1898 1953 2022 2035 quamvis

1225 2063 1280 2105 uon
1293 2049 1413 2106 dicamus
1430 2050 1514 2122 ipsius
1533 2052 1672 2121 fatuitatis,
1693 2062 1841 2111 auctorem.
1863 2053 1928 2122 Quae
1943 2055 2024 2111 latui·

1226 2148 1266 2194 tas
1281 2155 1334 2196 non
1346 2149 1389 2196 est
1403 2151 1496 2197 natura
1506 2151 1586 2213 atque
1595 2142 1754 2210 substantia,
1768 2160 1828 2215 quae
1838 2159 1891 2200 non
1903 2147 2022 2202 nascitur

1225 2230 1276 2285 nisi
1291 2241 1399 2288 creante
1412 2232 1484 2298 Deo;
1504 2233 1552 2289 sed
1571 2233 1691 2304 ejusdem
1704 2243 1806 2291 uaturae
1821 2237 1931 2303 citium,
1947 2237 2020 2310 quod

1225 2321 1321 2378 accidit
1333 2323 1438 2379 sinente
1450 2324 1507 2379 lleo
1521 2341 1528 2376 ε
1542 2325 1614 2395 justo
1633 2335 1723 2381 autem
1741 2327 1842 2397 judicio
1856 2328 1939 2384 ileum
1958 2329 1994 2384 ita
2008 2329 2017 2362 ¹

1225 2414 1326 2480 sinere,
1340 2429 1393 2468 non
1406 2415 1496 2487 utique
1509 2415 1673 2473 dubitamus.
1689 2418 1726 2474 lta
1738 2418 1902 2476 destruimus
1916 2430 1943 2475 et
1960 2419 2017 2474 lla·

1226 2502 1345 2560 tricacos
1360 2505 1444 2560 malos
1466 2506 1549 2561 ruinae
1569 2522 1625 2562 suae
1643 2516 1800 2578 structores,
1821 2518 1848 2566 et
1862 2510 2021 2583 Pelagianos

1226 2594 1433 2651 llaoielraeorum
1449 2594 1536 2653 fatuos
1549 2598 1695 2667 adjutores.

1261 2685 1351 2741 ctxt.
1370 2684 1430 2742 lue.
1450 2686 1546 2743 Primae
1562 2688 1641 2760 igitur
1654 2689 1817 2747 delinitionis
1829 2707 1944 2762 ercrsu,
1958 2694 2019 2750 eol·

1225 2777 1297 2832 mina
1313 2778 1372 2848 ejus
1388 2779 1415 2834 in
1430 2781 1516 2835 solum
1529 2797 1629 2838 cuneus
1640 2783 1750 2839 mtioais
1763 2783 1867 2841 edoutt.
1883 2785 1952 2855 Quid
1966 2787 2017 2857 iqi-

1225 2876 1269 2922 tur
1281 2869 1315 2924 de
1330 2876 1356 2923 to
1367 2884 1470 2940 speras,
1486 2871 1563 2941 cujus
1576 2874 1626 2929 tria
1643 2874 1679 2929 ita
1697 2883 1759 2930 sunt
1774 2876 1800 2930 in
1819 2875 1931 2942 lubrico,
1950 2878 2019 2934 sicut

1225 2958 1295 3014 illius
1306 2959 1406 3014 unum?
1420 2961 1490 3016 ilicis
1502 2965 1573 3017 enim
1587 2964 1684 3034 primo,
1703 2966 1826 3022 naturale
1840 2982 1901 3023 esse
1923 2982 2019 3039 treoca-

1225 3055 1280 3102 tum
1289 3063 1296 3115 ;
1306 3048 1433 3116 seeundo,
1445 3050 1543 3107 bouum
1555 3053 1649 3121 Deum,
1659 3053 1705 3124 qui
1719 3055 1800 3123 mala,
1810 3055 1836 3110 id
1848 3066 2016 3127 estpeceata,

1224 3138 1331 3204 condat,
1343 3140 1476 3211 informet,
1488 3143 1613 3199 extendat
1622 3161 1629 3209 ;
1638 3145 1716 3200 tertio
1725 3161 1800 3214 rero,
1808 3161 1864 3203 rem
1874 3147 2018 3206 noluntaria

1224 3230 1372 3288 immixtam
1382 3235 1606 3291 esseseminilms.
1615 3234 1678 3293 ttae
1692 3253 1757 3309 erqo
1771 3239 1821 3294 tria
1833 3238 2018 3296 delinitionom

1225 3329 1329 3378 tuarum
1340 3325 1425 3395 capita
1435 3325 1539 3397 singula
1550 3325 1620 3398 apud
1630 3337 1716 3383 semet
1725 3329 1847 3385 cacillant
1860 3347 1866 3383 :
1879 3330 2016 3398 raciliam,

1225 3412 1327 3484 inquio,
1349 3414 1403 3470 imo
1415 3424 1444 3470 ut
1458 3413 1534 3471 lanes
1551 3432 1567 3472 c
1585 3417 1694 3486 subulo,
1709 3418 1862 3475 dilabuutur
1874 3432 2018 3493 antequam

1225 3511 1329 3556 coeant.
1344 3503 1432 3561 Unum
1443 3521 1518 3577 crgo,
1533 3507 1624 3574 idest,
1639 3509 1759 3564 naturale
1772 3521 1910 3580 peccatum
1921 3512 1976 3582 jam
1989 3514 2018 3570 ιιι

1224 3595 1381 3664 llaruclraeo,
1396 3614 1430 3654 ex
1442 3599 1545 3655 directo
1557 3600 1665 3671 quidem
1678 3602 1842 3659 destructum
1857 3605 1930 3673 iacet
1943 3625 1950 3661 ε
1966 3608 2019 3665 alia

1224 3697 1315 3743 autent
1329 3689 1383 3744 duo
1394 3705 1454 3761 qnae
1466 3690 1601 3762 opinionis
1612 3702 1709 3748 restrae
1723 3702 1786 3750 sunt
1798 3697 1916 3766 propria,
1934 3697 2018 3754 ldaui·

1224 3779 1300 3836 cltaeo
1314 3781 1425 3837 totidem
1440 3783 1611 3851 intereunte,
1625 3785 1673 3841 sed
1684 3795 1811 3842 consueta
1826 3789 1837 3818 ³
1851 3787 2018 3846 ceciderunt.

1223 3871 1290 3927 Nam
1310 3873 1332 3927 si
1362 3873 1407 3930 ille
1425 3888 1487 3929 reos
1510 3874 1583 3931 nasci
1611 3874 1750 3943 ltumincs,
1775 3893 1825 3934 nce
1848 3894 1896 3949 per
1920 3879 2018 3936 malam

1224 3970 1345 4017 naturam
1358 4005 1366 4032 ,
1393 3979 1444 4021 nec
1478 3978 1526 4034 per
1559 3964 1708 4036 principem
1737 3968 1906 4025 tenebrarum
1933 3971 2020 4041 potuit

1224 4053 1374 4119 uindicare3
1400 4061 1501 4126 quanto
1523 4056 1607 4125 tnagis
1626 4071 1674 4111 ros
1693 4057 1777 4124 stulti,
1799 4059 1843 4129 qui
1869 4060 1902 4113 ad
1927 4071 2018 4115 osten·
2116 4055 2120 4062 ’

1223 4144 1310 4200 denda
1337 4145 1504 4200 nascentium
1535 4145 1646 4200 erimina
1670 4146 1797 4217 junxistis
1818 4150 2018 4206 accusationem

1224 4235 1290 4289 lici?
1304 4235 1406 4313 deper
1418 4235 1489 4300 hoe,
1508 4237 1576 4290 sicut
1595 4253 1648 4292 nou
1673 4246 1759 4307 potest
1771 4249 1866 4294 natura
1880 4254 2017 4310 essepec·

1224 4337 1331 4394 cultim,
1355 4340 1408 4398 qao
1430 4325 1539 4382 fulmine
1556 4327 1693 4381 ttaotetni
1714 4327 1809 4398 dogma
1832 4329 1954 4397 dissiliit,
1982 4331 2019 4386 ile

1224 4421 1348 4489 recurrit,
1369 4428 1399 4476 ut
1419 4419 1491 4491 quod
1513 4428 1650 4490 peccatum
1670 4428 1723 4488 est,
1745 4422 1865 4477 naturale
1881 4437 1942 4479 esse
1964 4438 2018 4479 nou

1225 4516 1318 4584 possit.
1341 4513 1395 4570 lies
1419 4513 1490 4569 enim
1513 4512 1656 4569 uoluntatis
1681 4529 1735 4568 nou
1758 4516 1853 4571 transit
1877 4514 1902 4570 in
1924 4514 2018 4571 condi·

1225 4608 1323 4662 tionem
1336 4607 1492 4663 substantie
1509 4625 1516 4662 :
1531 4606 1602 4679 quod
1613 4616 1640 4662 tu
1655 4605 1754 4663 lactum
1768 4608 1916 4664 arbitraris.
1936 4609 2017 4668 linito

1224 4708 1314 4754 autem
1325 4699 1410 4769 magis
1424 4706 1546 4765 constat,
1563 4698 1648 4754 ileum
1668 4696 1767 4753 bonum
1782 4698 1868 4755 malos
1883 4712 2017 4770 nunqnam

1224 4805 1327 4847 creare.
1343 4791 1473 4862 Apparuit
1484 4791 1584 4862 itaque,
1596 4800 1734 4861 peceatum
1745 4789 1771 4844 in
1786 4799 1924 4859 nascente,
1938 4806 2015 4864 quem

1225 4880 1296 4936 Deus
1308 4888 1392 4947 creat,
1405 4895 1466 4936 csse
1477 4895 1530 4935 non
1542 4894 1632 4951 posse.

1260 4970 1328 5027 Aac.
1350 4968 1387 5024 lta
1406 4978 1510 5025 constat
1527 4969 1611 5025 Deam
1629 4970 1728 5024 bonum
1747 4969 1833 5025 malos
1847 4986 1900 5026 nnn
1914 4985 2012 5041 creare,

1224 5058 1448 5131 quemadmodum
1469 5068 1574 5116 constat
1592 5060 1675 5116 Deum
1691 5061 1838 5131 sapientem
1859 5059 1948 5118 laturos
1966 5077 2014 5119 nor

1225 5167 1327 5206 creare.
1341 5150 1370 5206 Si
1381 5151 1452 5207 euim
1462 5150 1571 5219 dixeris,
1583 5150 1661 5207 Crcat
1672 5151 1777 5222 sapiens
1787 5150 1872 5207 iatuos
1887 5169 1894 5206 :
1907 5166 2012 5222 respon·

1226 5245 1332 5300 alebitur
1348 5244 1405 5312 tilti,
1419 5244 1472 5300 Cur
1485 5260 1538 5300 nou
1553 5260 1617 5315 ergo
1629 5252 1656 5299 ct
1668 5245 1754 5299 bontas
1768 5243 1871 5298 malosi
1884 5242 1960 5300 Unde
1982 5243 2015 5298 ia·

1226 5347 1285 5392 etus
1305 5337 1421 5412 intentus
1443 5350 1504 5392 eum
1526 5336 1664 5406 quaesicris
1687 5334 1757 5390 unde
1777 5345 1920 5391 irascantur
1942 5335 2019 5402 latui,

1226 5442 1294 5500 quos
1311 5436 1400 5483 tamen
1414 5425 1536 5481 homines
1558 5426 1626 5481 Deus
1647 5436 1736 5492 creat,
1756 5425 1790 5480 toi
1812 5424 1880 5482 lorte
1900 5426 2019 5483 inuenies

1226 5519 1336 5592 oriqiois
1345 5519 1450 5585 vitium,
1464 5517 1508 5588 qui
1519 5515 1596 5571 lateri
1612 5531 1663 5569 uon
1676 5515 1715 5569 ais
1729 5515 1857 5589 originale
1869 5528 2017 5588 peceatum.

1228 5613 1268 5666 llo
1281 5626 1345 5667 vero
1356 5618 1498 5682 paratuses
1508 5606 1607 5671 dicere,
1617 5606 1774 5662 oulloullius
1783 5608 1950 5679 praecedente
1959 5620 2014 5676 poe

1228 5716 1298 5772 cato,
1312 5707 1391 5758 etiam
1406 5703 1491 5757 iatuos
1504 5701 1576 5755 nasci
1596 5700 1621 5755 in
1636 5700 1677 5753 illa
1692 5702 1804 5770 paradisi
1825 5699 1952 5755 felicitate
1971 5712 2020 5767 po·
2118 5741 2120 5748 .

1229 5799 1320 5862 tuisse,
1334 5795 1378 5867 qui
1392 5795 1502 5860 erudiri,
1518 5808 1571 5848 non
1586 5792 1646 5849 dico
1660 5793 1761 5856 loculis,
1777 5791 1824 5848 sed
1844 5804 1894 5845 nec
1907 5786 2022 5844 lustilms

1229 5893 1355 5966 possenti
1367 5888 1444 5958 Quod
1457 5889 1480 5944 si
1495 5903 1547 5946 nort
1557 5887 1633 5955 dicis,
1647 5905 1679 5942 ne
1688 5901 1793 5942 orttnem
1805 5883 1952 5939 fatuitatem
1964 5878 2022 5939 liae

1259 6052 1267 6079 ι
1288 6057 1326 6098 tte
1337 6051 1408 6104 cort,
1421 6042 1476 6094 ιιιιι.

1261 6115 1271 6148 ¹
1288 6118 1416 6167 turturea
1428 6108 1533 6157 οιιιιιιιιιι.
