4900 6892
401 626 469 687 iiiia

449 751 624 815 sireieculpati
636 760 733 802 serrata
741 751 800 814 iege
809 754 944 808 reaziereut,
1030 809 1035 820 ,

450 822 549 866 nonem
560 817 631 865 istam
642 826 748 876 prorsus,
760 825 806 876 qua
818 824 915 861 carnem
926 812 974 859 rita
991 808 1115 871 relinquit,

450 881 601 939 oppeterent
613 888 620 923 :
632 887 686 938 quse
696 887 744 923 uou
755 880 854 936 peocrte
865 880 940 933 parta.
949 871 992 944 scd
1004 872 1056 932 ipso

452 940 596 988 instituente
608 943 657 985 beo
666 948 748 985 eomes
760 943 827 984 esset
838 935 885 983 ina
896 940 992 982 creatis.

451 1000 592 1061 iuegeeitns
604 998 676 1059 igitur
687 996 778 1045 euiiuru
791 998 895 1044 traxisse
905 1002 1001 1042 reatum

452 1068 486 1111 ite
498 1061 606 1122 patribus
618 1072 624 1107 :
638 1072 720 1120 neque
729 1055 859 1107 dissimiles
868 1068 932 1104 uune
940 1056 1033 1125 nascier
1044 1051 1086 1103 ilio

450 1130 508 1172 ortu
520 1121 658 1182 priurorurn,
672 1120 713 1181 qui
725 1118 838 1168 libertate
851 1116 914 1165 urile
926 1130 962 1164 usi
1009 1177 1014 1187 ,
1124 1125 1154 1162 το

451 1189 590 1236 Picenarum,
602 1180 676 1229 leuna
688 1180 767 1236 necui,
780 1193 827 1228 nou
838 1178 942 1234 seuriue,
955 1174 1025 1238 proli.

453 1250 524 1291 iesse
533 1250 614 1291 auteur
626 1242 737 1290 insontes
748 1252 833 1289 onmes
845 1240 940 1288 rirtutis
950 1240 974 1286 iu
985 1249 1041 1285 arce

452 1306 528 1353 iiiam
545 1315 630 1365 agere,
641 1311 666 1351 et
682 1302 757 1350 menti
770 1301 903 1361 ingenitum
915 1309 1015 1347 serrare
1029 1297 1161 1345 deoerem:

454 1365 554 1413 trinnio
565 1366 676 1424 qtrnniaur
686 1364 799 1412 subsistet
807 1369 874 1411 recta
886 1359 989 1409 solentis

452 1423 568 1474 naturalis
579 1424 663 1479 henos,
675 1424 765 1485 lexque
777 1423 847 1470 insita
859 1422 970 1470 sordibus
978 1422 1043 1468 intus

453 1493 502 1536 iioc
513 1492 618 1541 moueat,
630 1485 694 1546 queri
705 1486 792 1544 scripta
804 1485 868 1531 ioris.
880 1482 920 1530 cui
932 1482 1008 1553 gratia
1018 1477 1102 1528 curisti

453 1547 545 1603 Addita,
557 1548 695 1608 peri'ugium
706 1543 778 1605 lapsis
789 1544 939 1606 generaliter
950 1555 1015 1613 ruse

453 1607 599 1662 teudiderit,
611 1620 678 1655 sacre
687 1607 708 1655 si
720 1604 813 1654 uellent
822 1603 888 1654 toute
899 1617 984 1654 noran
996 1617 1003 1651 ι

454 1674 482 1716 et
492 1676 580 1730 sponte
591 1674 718 1717 attractum
729 1667 800 1715 reela
811 1665 923 1715 solvente
934 1672 1028 1714 reatuin

453 1735 543 1790 sponte
552 1741 595 1777 sua
607 1731 631 1777 iu
643 1731 708 1777 vires
718 1728 825 1790 proprias
837 1734 920 1776 natura
928 1726 1039 1775 rediret:

453 1797 552 1852 Qnoqre
564 1801 608 1849 per
621 1801 718 1838 errores
730 1793 796 1836 esset
807 1787 907 1849 spoliata
920 1788 1003 1850 rigore

455 1856 521 1899 iiunc
532 1861 631 1898 serrare
643 1849 720 1899 semei
742 1855 815 1898 resset
823 1855 924 1909 purgata
934 1847 1070 1909 receptum.

453 1916 509 1960 τοο]
520 1912 590 1960 diues
601 1923 660 1959 rere
671 1911 717 1959 bec
727 1861 815 1956 1οοιοο
827 1916 864 1970 Bai
873 1910 973 1958 tisinatis
985 1920 1057 1965 esse,

453 1976 479 2022 Et
488 1979 535 2020 taur
546 1971 619 2020 muita
630 1971 720 2020 ireuriui
732 1971 836 2018 conteni
849 1970 942 2019 indere
952 1971 976 2019 in
990 1973 1047 2026 isto,

455 2039 483 2082 11
494 2035 574 2095 narsis
586 2035 667 2093 etiam,
677 2033 785 2092 ritieque
796 2032 936 2080 carentibus
946 2032 1011 2079 omui

453 2100 579 2155 congruat,
593 2100 620 2142 ut
630 2095 672 2156 qui
682 2097 738 2142 sunt
748 2092 825 2154 geniti
833 2093 909 2150 berre,
921 2094 969 2142 siut
980 2090 1104 2150 meliores,

454 2160 597 2217 iiatnraeque
606 2154 696 2204 bonurn
706 2152 800 2214 aderio
812 2151 945 2202 illustretur
956 2154 1056 2203 bonore.
1082 2212 1088 2224 ι

454 2213 548 2265 nntium
557 2223 638 2265 autern
650 2228 682 2266 ex
691 2216 785 2264 eunctis
796 2222 922 2264 exsortem
930 2215 1038 2263 muneris
1048 2213 1120 2273 nepe

453 2277 545 2326 iudicio
555 2278 664 2338 genitum
677 2287 733 2326 esse
745 2276 788 2325 oei
801 2289 808 2325 :
820 2275 865 2324 sed
880 2287 1003 2339 quemque
1013 2274 1105 2324 mereri

454 2338 576 2386 libertate
586 2350 638 2397 sua,
651 2343 678 2386 ut
688 2337 766 2446 coslai
782 2337 900 2399 promissa
910 2337 1026 2386 rueretis.

454 2406 511 2454 errae
522 2400 570 2447 siet
580 2400 673 2447 auersis
684 2399 709 2445 ie
726 2400 800 2456 eirita,
811 2398 893 2446 debita
905 2400 987 2447 rectis.

455 2465 482 2506 ii.
493 2458 555 2508 Talia
564 2472 619 2508 cunr
628 2460 731 2508 demens
741 2458 790 2508 iate
800 2457 947 2506 diiiuoderet
966 2470 1043 2515 error,

454 2521 650 2580 commentisque
660 2519 735 2568 rudes
746 2519 855 2569 traheret
865 2517 995 2568 ietiraiibus
1003 2530 1089 2579 aures,

456 2580 535 2629 adluit
545 2579 690 2629 exhortante
701 2585 751 2628 beo
762 2585 856 2642 prouisa
866 2592 911 2640 per
921 2581 1006 2627 orbern

455 2646 591 2689 sauctorum
600 2641 637 2700 pia
649 2652 706 2689 cura
718 2648 822 2700 patrum,
833 2640 984 2705 eeu-dispare
996 2646 1062 2690 meto

455 2699 588 2749 corriiciens
598 2701 664 2749 diros
673 2700 760 2762 jaculis
768 2701 910 2750 celestibus
920 2701 1011 2751 bostes.

456 2760 553 2809 itisdeiu
564 2773 668 2824 eamque
679 2760 750 2810 simui
761 2762 868 2811 decretis
878 2762 979 2823 Spiritus
988 2772 1053 2810 oeus

456 2827 568 2870 intonuit.
579 2829 675 2871 Pestern
685 2823 832 2872 sitireuutem
843 2822 918 2883 prima
930 2823 1016 2873 recidit

381 2934 383 2938 y
453 2882 529 2930 sedes
540 2889 610 2931 noma
621 2884 683 2931 t‘etri
696 2895 703 2931 τ
715 2895 771 2945 quoe
782 2882 907 2943 pastoralis
917 2883 1015 2933 boemis

381 2962 386 2997 χ
455 2948 522 2991 iacta
533 2950 604 3004 eaput
615 2943 711 2999 muodo,
723 2943 838 3005 quidquid
850 2956 897 2992 noe
909 2945 1015 3004 pnrssidet
1026 2944 1100 2994 muris

386 3014 389 3019 ’
455 3002 673 3065 iteliigiouetenet.
685 3011 733 3053 iton
740 3005 839 3065 segnior
849 3004 1016 3055 indeorientis

385 3062 389 3113 i
454 3070 644 3114 ttectortrmcura
655 3065 755 3114 emicuit
766 3079 772 3113 :
784 3071 930 3127 captumque
945 3066 1042 3115 eeiaedi

455 3125 576 3184 vegetatis
587 3132 711 3174 auctorem
720 3127 863 3176 constrinxit
875 3125 933 3190 lege
944 3126 1050 3189 benigna

453 3193 618 3235 commentum
629 3186 744 3235 damnare
755 3199 835 3245 suuni,
854 3187 900 3236 eisi
910 3200 1011 3250 corpere
1022 3188 1106 3237 christi

380 3278 385 3309 ,
454 3246 574 3308 emungi,
587 3253 613 3296 et
623 3247 796 3296 sauctomaiiet
806 3260 884 3310 grege
895 3249 1026 3298 dissociari.

453 3311 517 3356 tene
526 3307 623 3370 quidem
637 3304 851 3370 invenienturque
862 3308 937 3358 rrraios
950 3309 1069 3359 tolerasse
1089 3309 1184 3358 ridetur

453 3368 572 3417 iudicium
586 3382 592 3418 :
605 3368 649 3417 sed
660 3376 742 3417 saneta
753 3368 814 3418 iides
825 3371 940 3419 eranriee
950 3371 975 3418 ie
986 3369 1028 3419 iilo

454 3430 516 3478 t'icit
523 3430 661 3485 oborturam
675 3430 728 3478 diro
738 3430 874 3479 desemine
886 3431 987 3491 protem

455 3497 607 3551 trospectunr
619 3503 723 3552 uereque
736 3497 782 3550 est,
793 3490 875 3540 divino
890 3498 917 3541 et
927 3503 1029 3541 munere
1039 3498 1151 3548 mutum,

449 3550 548 3615 ,t'tiicet
560 3551 688 3601 instantem
699 3550 823 3601 declinans
838 3553 917 3602 bestia
928 3566 1032 3615 peram,

455 3612 561 3661 reriidiae
570 3623 653 3660 secum
664 3622 753 3660 seusus
763 3613 883 3662 tenuisset
895 3613 1003 3673 eosdem,

454 3677 507 3733 ipsa
517 3679 598 3721 tamen
610 3672 730 3734 proprium
742 3684 843 3735 germen
852 3672 985 3722 damnando
997 3679 1104 3729 necaret,

455 3741 502 3782 dre
510 3733 595 3781 maiam
608 3734 768 3793 exstinguens
779 3733 905 3791 sobolem,
921 3747 993 3798 quem
1005 3734 1103 3797 protulit
1114 3747 1169 3783 ere.

455 3800 520 3843 runc
532 3796 604 3844 etiam
616 3793 708 3842 sedriei
720 3794 826 3855 preclari
838 3797 941 3844 nominis
951 3796 1050 3858 hospes,

455 3855 557 3903 itebraeo
568 3854 640 3904 simui
652 3862 678 3904 et
688 3856 765 3915 graio,
778 3854 886 3918 latioque
896 3865 1015 3905 venustus

454 3913 558 3977 iloquie,
569 3929 662 3964 morum
674 3915 821 3977 exennium,
834 3919 964 3982 mundique
975 3919 1090 3979 uragister

455 3977 613 4040 iiieroeyurus
623 3976 692 4026 libris
708 3975 779 4026 ualde
790 3977 970 4028 excellentibus
980 3979 1076 4029 bostem

454 4037 572 4088 Disseruit
583 4053 589 4086 :
603 4040 718 4100 noscique
729 4038 797 4087 dedit
807 4073 814 4098 ,
825 4053 874 4100 quo
887 4040 984 4088 turbiue
995 4052 1078 4088 rcraru

455 4097 549 4148 velient
559 4107 651 4147 exerite
663 4096 742 4147 iucem
753 4101 882 4149 obscurare
895 4101 1012 4148 tenebras.

454 4160 511 4215 Quid
523 4158 606 4222 loquar
618 4168 643 4208 et
655 4172 744 4219 euram,
757 4173 843 4223 eragua
854 4173 926 4224 quarn
936 4163 1015 4222 gessit
1026 4162 1049 4210 in
1058 4160 1119 4210 urbe

454 4219 655 4281 constantinopoli
667 4221 737 4269 docto
749 4222 826 4270 bouus
836 4234 880 4270 ero
891 4222 1004 4270 sacerdos

454 4281 551 4339 subtis,
561 4283 609 4330 auti
626 4279 672 4330 ual
706 4288 759 4331 atos
769 4282 938 4332 baereticorum

454 4339 599 4390 contuendo
609 4296 672 4401 gum
702 4355 717 4391 e
728 4355 775 4404 qua
788 4351 844 4392 tuuc
855 4344 887 4391 im
895 4345 925 4391 ria
936 4343 1008 4392 eorda

454 4404 564 4459 Quamvis
574 4415 603 4451 se
613 4404 715 4454 obducta
727 4410 842 4466 tegerent
854 4418 884 4453 re
894 4407 975 4453 aurine
987 4405 1060 4453 ierura

454 4461 537 4511 iudicii
547 4470 573 4512 ct
583 4465 661 4513 tacitae
672 4464 778 4514 tulerant
793 4470 912 4515 tormenta
923 4463 1045 4527 repuistei

455 4529 575 4573 uertereo
585 4531 675 4585 quanto
690 4526 762 4575 inerit
773 4526 839 4575 berre
851 4535 914 4577 mota
927 4525 1029 4576 tuuruitu

454 4581 519 4632 clara
527 4585 642 4646 ephesos,
654 4599 701 4635 non
713 4599 782 4647 passa
792 4589 843 4638 suis
857 4589 991 4637 consistere
1004 4589 1075 4638 tectis

455 4651 515 4692 vasa
527 4645 577 4702 irre,
591 4653 617 4695 et
627 4647 703 4695 morbi
714 4649 792 4707 tintus,
808 4657 833 4698 et
844 4650 936 4697 semina
947 4650 1040 4699 mortis.

455 4711 552 4768 Quaque
563 4706 609 4755 ilde
621 4706 695 4756 telius
706 4709 777 4756 etiam
788 4711 908 4758 Trinacria
918 4708 1018 4759 terrens

454 4771 545 4828 agneo
557 4769 681 4829 vipereum
693 4771 914 4832 propriisexegerit
924 4771 981 4820 oris.

454 4833 488 4875 Tu
498 4840 593 4877 causant
604 4828 660 4877 iidei
672 4830 821 4891 flagrantius,
834 4833 924 4888 sirica,
939 4840 1029 4881 uestrae

454 4891 615 4951 exsequerim
628 4897 758 4952 tecumque
768 4904 839 4939 suum
848 4894 968 4954 jungente
979 4893 1090 4956 rigerent

453 4951 515 4998 iuris
525 4951 647 5012 aquistoiici
657 4950 725 5009 solie,
738 4950 790 5000 iera
801 4952 892 5001 viscera
908 4951 966 5003 belli

453 5010 559 5069 corticis,
569 5018 594 5059 et
602 5011 792 5121 iatthrosteruis
803 5011 879 5062 limite
892 5015 974 5063 uictos.

454 5077 595 5121 ‹birreeore
605 5074 639 5121 tui
668 5086 682 5121 e
693 5074 786 5122 eunetis
798 5074 899 5123 eriiibus
909 5073 965 5124 almi

454 5131 590 5189 enituere
603 5136 748 5196 geurineque
756 5144 842 5183 seeum
853 5134 1012 5186 celeberr-ima
1023 5145 1096 5199 coetu,

455 5196 569 5243 necereis
579 5194 642 5256 qnid
655 5202 723 5243 itoera
736 5197 830 5256 probet,
842 5197 906 5258 qued
916 5210 993 5260 regua
1004 5209 1144 5262 sequautur.

455 5260 502 5302 'tec
512 5254 562 5303 sela
574 5263 612 5304 est
623 5255 672 5305 iilic
681 5258 825 5317 seueriorem
839 5266 937 5307 exserta
950 5268 1065 5320 potestas,

454 5320 575 5378 coequos
586 5330 633 5365 uon
645 5326 745 5377 possem
755 5320 850 5368 ratione
862 5320 977 5370 evincere
989 5325 1072 5379 nostri,

454 5376 479 5423 ti
487 5385 628 5438 proruerent
637 5391 643 5425 ε
652 5378 765 5428 discussae
776 5386 857 5441 artes,
869 5382 984 5444 rimsque
1000 5391 1120 5434 retectruu
1133 5391 1170 5433 est

453 5438 561 5486 baeretici
573 5451 674 5498 scrrsus;
686 5439 828 5502 nullumque
839 5443 936 5491 omuino
953 5443 1072 5505 relietum,

452 5502 523 5548 inicia
534 5499 595 5547 lidos
605 5501 669 5563 quod
680 5513 727 5548 uon
738 5500 883 5553 dissolveret
894 5513 1071 5566 argumentum.

452 5560 550 5608 iberita
561 5569 626 5617 suut,
640 5569 665 5610 et
673 5564 761 5623 scripta
772 5571 879 5622 manent,
890 5578 945 5627 quae
956 5565 987 5615 de
998 5569 1123 5618 cataractis

453 5622 543 5669 ,eterni
556 5621 627 5671 lentis
638 5624 732 5672 duxere
740 5625 845 5675 uariante
854 5633 947 5686 meatu,

451 5684 479 5751 it
489 5685 529 5731 ter
540 5685 651 5738 centenis
662 5697 788 5744 procerum
799 5694 856 5737 suut
866 5689 931 5737 edita
942 5689 1030 5751 linguis
1041 5704 1047 5739 :

452 5746 493 5790 sic
504 5746 649 5793 moderante
660 5761 728 5795 suam
740 5751 820 5807 legere
831 5750 941 5800 bonitate
954 5765 1053 5813 severa,

453 5803 483 5850 lt
496 5806 538 5864 qui
551 5806 665 5853 damnate
677 5811 772 5857 relicui
783 5810 813 5858 de
827 5824 912 5860 errore
931 5816 1032 5873 reri-rii,

452 5870 601 5918 Acciperent
615 5882 708 5929 picem,
722 5874 800 5930 pulsis
817 5872 858 5933 qui
869 5888 949 5982 jenua
966 5883 1091 5927 tenerent.

371 5981 378 5990 ,
450 5929 486 5973 lin
499 5928 574 5975 alium
586 5933 610 5976 iu
622 5934 694 5978 iterur
704 5940 786 5993 posset
796 5948 867 5994 proce

450 5988 595 6047 ilorrcriniur,
608 5995 647 6041 eui
663 5994 710 6040 dur
722 5994 847 6051 territis,
860 5998 1035 6058 ingeniumque

449 6047 604 6111 trigesimus
615 6053 687 6104 erat?
697 6069 770 6116 «quem
783 6057 870 6109 Cirristi
882 6058 959 6120 gratia
975 6073 1051 6109 cerno

886 5950 928 5985 i'le
943 5945 1052 5986 sauritim

668 635 773 692 iiiiii
792 632 933 690 sciuris
955 632 999 687 ie
1018 616 1201 686 tiisiditiaii
1222 616 1488 682 iiriiteiiiettiiti
1510 625 1750 684 uestimentis.

1950 629 2016 686 itit»

1292 745 1408 798 t‘berioro
1420 750 1512 812 rigans,
1524 761 1606 802 eostre
1615 753 1697 805 iumen
1708 756 1775 807 uelit
1786 770 1848 817 ere,

1293 815 1424 860 ioeeusnur
1442 826 1500 861 roro
1521 815 1553 862 de
1566 812 1664 865 luruiue.
1676 827 1731 867 nare
1742 821 1810 869 cibus
1822 818 1865 881 iiii,

1292 874 1319 918 Et
1336 873 1392 932 rita,
1406 880 1430 920 et
1439 877 1620 935 remorsurus
1633 884 1684 937 est;
1697 883 1823 942 omnisque
1835 878 1946 945 roteriis

1293 936 1357 980 dnus
1367 946 1433 982 amor
1444 934 1529 984 eluisti
1541 945 1589 996 est,
1601 952 1664 987 uuus
1674 941 1758 989 christi
1772 949 1810 992 est
1820 944 1897 991 irenor
1908 939 1943 993 illl
1954 953 1963 989 t

1295 997 1322 1041 et
1332 994 1390 1042 duur
1401 995 1466 1044 uuila
1476 998 1522 1046 siti
1534 999 1617 1048 tribuit
1629 1002 1700 1057 boua,
1713 1001 1738 1050 irt
1746 1010 1810 1050 oeus
1818 1002 1852 1051 ilii

1294 1057 1385 1112 duritia,
1399 1064 1424 1105 et
1436 1059 1459 1105 iu
1471 1067 1554 1106 murto
1562 1069 1649 1120 regnat
1660 1064 1778 1124 sapientia
1790 1062 1888 1125 trerplo.

1292 1120 1326 1163 iit.
1339 1121 1408 1166 istius
1417 1133 1477 1177 ergo
1489 1121 1552 1167 iuter
1567 1133 1677 1181 cunctos,
1690 1126 1730 1194 qui
1740 1126 1771 1172 de
1783 1138 1861 1187 grege
1871 1131 1955 1174 saucio

1292 1182 1386 1227 irrsrnas
1396 1193 1434 1241 pe,
1444 1181 1513 1229 dicre
1525 1182 1596 1240 ieras,
1607 1185 1720 1234 nniustna
1733 1187 1821 1247 rrrajer,

1293 1239 1366 1299 ibijus
1376 1255 1397 1300 o¹
1408 1255 1445 1301 us,
1458 1250 1534 1291 totmtr
1545 1248 1697 1304 prestantius
1709 1249 1793 1295 imbuit
1804 1249 1897 1295 orbern.

1293 1306 1349 1347 timu
1359 1314 1511 1364 quocuunpre
1523 1305 1623 1365 gradum
1634 1310 1754 1357 eutirertit
1764 1308 1864 1358 callidus
1873 1309 1957 1368 irestis,

1292 1368 1390 1422 Quaque
1404 1377 1447 1423 per
1458 1366 1575 1427 areirages
1585 1379 1674 1429 auceps
1685 1370 1732 1417 iter
1744 1371 1796 1427 egit
1807 1378 1913 1431 opertas

1293 1426 1367 1482 tinius
1378 1424 1514 1475 abeeerrsu
1528 1434 1566 1475 est
1578 1438 1725 1488 preventus,
1735 1431 1802 1479 uriiie
1815 1433 1907 1480 riarum

1293 1484 1388 1533 insidiis
1399 1485 1489 1534 aditum
1502 1500 1548 1535 nou
1558 1491 1741 1548 reperientibus
1752 1492 1836 1541 ulium.

1291 1551 1400 1605 cunique
1412 1548 1470 1595 i'reis
1480 1550 1562 1597 rabies
1573 1551 1695 1599 aridarum
1708 1553 1808 1601 exclusa
1818 1554 1929 1615 luporum

1294 1607 1436 1666 i‘reuderei,
1449 1610 1523 1666 inque
1532 1623 1617 1659 ornnes
1628 1613 1700 1660 ereud
1708 1616 1751 1662 reia
1764 1623 1874 1663 rerterct
1884 1625 1959 1672 ariis,

1295 1673 1328 1713 tie
1340 1675 1437 1717 mentes
1448 1668 1550 1722 etlinun
1561 1673 1643 1721 orium
1654 1688 1809 1735 corrumpere
1823 1686 1913 1737 posset,

1295 1734 1344 1776 iieu
1356 1728 1426 1777 diriria
1439 1730 1542 1792 obliquis
1553 1737 1662 1783 irrriarct
1672 1736 1744 1784 cerda
1760 1739 1883 1798 querelis,

1296 1790 1365 1838 istius
1376 1803 1420 1838 ere
1432 1793 1484 1840 reri
1495 1794 1551 1843 ierit
1564 1802 1627 1842 treus
1639 1809 1644 1843 :
1660 1798 1729 1845 istius
1741 1812 1784 1846 ere

1295 1849 1401 1898 i'luuriea
1411 1850 1525 1900 lineorum
1537 1856 1651 1903 muudum
1665 1859 1785 1907 eduxere
1799 1873 1843 1920 per
1854 1873 1961 1917 etueern,

1294 1918 1351 1968 Quae
1362 1913 1435 1960 mites
1446 1913 1598 1985 irumiiesque
1611 1917 1712 1976 innunt,
1725 1932 1783 1973 caan
1795 1921 1865 1983 isque
1876 1925 2008 1969 enituerunt

1293 1977 1391 2022 certent
1402 1974 1481 2023 uitalis
1491 1976 1606 2025 dor-irrue
1620 1980 1750 2029 iuuniitcre
1764 1983 1836 2032 ritus.

1234 2109 1267 2148 ΙΧ
1287 2112 1373 2152 teneti
1392 2114 1534 2167 ruossano,
1555 2118 1713 2158 iiiiiii‘iitt'ii
1734 2121 1851 2161 iiAEiAESis
1871 2121 2022 2161 reiteranti

1516 2210 1550 2250 ΕΤ
1569 2211 1748 2253 sestertium.

1264 2327 1402 2375 sesteriana
1410 2326 1465 2376 lues
1475 2330 1581 2378 successi
1593 2329 1736 2393 pelagiane.

1295 2394 1351 2443 orire
1362 2396 1442 2435 tauteu
1454 2397 1493 2437 esi
1504 2398 1575 2439 utem
1585 2402 1754 2452 preeeeeratr
1765 2407 1830 2444 meo.

1265 2444 1348 2494 irrielix
1361 2450 1457 2496 misere
1466 2452 1570 2507 grurrtrix
1583 2460 1609 2500 et
1620 2452 1666 2500 iiia
1676 2461 1748 2512 uate,

1298 2508 1429 2557 reniterer
1441 2524 1457 2569 ο
1465 2523 1494 2558 so
1504 2514 1616 2572 germine
1628 2514 1692 2575 qnod
1705 2517 1799 2576 peperi.

1265 2574 1322 2616 iiam
1333 2567 1434 2619 feudare
1446 2584 1526 2619 arcem
1538 2575 1632 2623 riseritis
1644 2588 1649 2635 p
1659 2575 1706 2622 rior
1718 2590 1772 2625 ursa
1783 2579 1911 2639 superbis,

1297 2635 1331 2677 tte
1342 2631 1420 2690 capite
1431 2630 1461 2679 ad
1473 2646 1521 2693 corp
1530 2647 1560 2681 us
1569 2634 1661 2683 ducere
1673 2649 1733 2696 opius
1745 2637 1816 2687 rolrti.

1265 2689 1311 2738 Sed
1327 2703 1381 2738 inea
1389 2691 1421 2739 dn
1431 2707 1445 2738 u
1467 2694 1568 2742 antesin
1576 2708 1668 2744 senuna
1680 2707 1785 2746 arinaiur
1796 2701 1827 2748 ab
1835 2701 1902 2757 iuris,

1297 2756 1404 2813 congrua
1417 2708 1521 2803 ireilrrair
1535 2763 1698 2828 temporanee
1710 2759 1791 2809 iraiuri.

1266 2816 1292 2860 it
1302 2816 1489 2874 oonsauguiueae
1501 2824 1554 2888 pest
1565 2819 1640 2867 tristia
1653 2819 1752 2868 rrriirora
1763 2821 1852 2872 irandis

1297 2881 1385 2933 Aspera
1394 2889 1506 2924 consenti
1519 2878 1600 2937 pratia
1612 2878 1661 2928 line
1674 2882 1733 2941 pari.

1266 2937 1302 2981 lie
1312 2941 1392 2982 tanren
1404 2950 1451 2984 uua
1463 2938 1530 2986 didit
1542 2941 1627 2988 rictam
1634 2945 1755 2991 sententia
1765 2943 1840 3004 letiro,

1298 2993 1337 3042 ilia
1350 2995 1434 3046 voleus
1444 2999 1530 3046 iterum
1541 3013 1656 3062 surgere,
1666 3004 1705 3053 iris
1715 3005 1810 3054 cecidit.

1266 3061 1356 3104 liceum
1368 3060 1458 3117 mitur,
1470 3074 1566 3110 ermom
1585 3064 1701 3121 meritur,
1713 3079 1859 3130 tuecuuupie
1869 3067 2011 3129 sepulerum

1297 3121 1380 3176 intrat,
1389 3127 1415 3168 et
1427 3120 1513 3170 iniierni
1525 3125 1630 3172 carceris
1641 3126 1686 3173 iura
1698 3127 1781 3176 siritii:

1264 3184 1314 3234 Quo
1325 3190 1369 3228 uos
1378 3183 1457 3243 prteeip
1467 3183 1514 3232 iios
1525 3185 1606 3233 insana
1618 3189 1732 3248 superbia
1747 3191 1841 3249 mersit,

1297 3245 1384 3289 {inuias
1395 3243 1472 3302 denis,
1487 3252 1513 3292 rt
1531 3246 1635 3296 tttruirias
1645 3249 1747 3297 meritis.

1265 3305 1322 3347 tiam
1332 3302 1450 3351 cinisium
1471 3307 1554 3354 rietate
1566 3320 1588 3367 ος
1598 3321 1667 3356 οοοο
1681 3317 1705 3358 ct
1718 3312 1842 3370 ururcedc,
1857 3313 1969 3362 roierrtrs

1296 3366 1352 3409 isse
1363 3371 1447 3419 iteum,
1472 3381 1485 3412 u
1497 3368 1582 3427 capiis
1593 3368 1686 3417 irmiere
1696 3384 1743 3418 nou
1755 3375 1868 3424 stelionis
1879 3389 1886 3424 ε

1264 3429 1442 3485 sperantesque
1453 3428 1525 3474 animi
1543 3428 1575 3476 de
1589 3428 1701 3479 libertate
1712 3445 1834 3493 coronano,

1296 3483 1444 3553 i’erdiilimus
1455 3500 1526 3547 quant
1538 3490 1579 3537 dat
1587 3493 1662 3546 pratia
1673 3494 1798 3553 inmittatur.

1265 3548 1357 3604 Quique
1369 3546 1442 3603 igitur
1454 3548 1557 3605 gredere
1570 3551 1693 3601 miseraris
1703 3554 1771 3601 busta
1784 3557 1870 3614 reinzo,

1296 3610 1329 3652 be
1341 3615 1422 3654 uestro
1434 3609 1509 3656 exitio
1517 3613 1655 3661 cerreniano
1664 3626 1733 3662 rare.

1264 3669 1319 3711 οοο)
1328 3665 1357 3722 si,
1370 3680 1425 3728 que
1436 3670 1525 3716 interlui
1538 3669 1592 3719 data
1603 3685 1702 3722 uiuuera
1713 3687 1770 3723 sere
1779 3676 1891 3739 iniciunt,

1296 3731 1350 3775 titre
1358 3726 1445 3778 bourirri
1458 3731 1539 3779 credis
1549 3731 1639 3793 debita,
1651 3743 1734 3785 noster
1747 3740 1805 3788 eris.

1234 3841 1450 3887 celidoniioitib'it
1466 3849 1545 3890 inicii
1558 3851 1724 3894 Hecatonis
1737 3856 1838 3897 coitus
1853 3861 2024 3903 reinelinus.

1234 3962 1375 4023 exemptum
1392 3965 1588 4027 commonitorii,
1609 3969 1673 4032 qnod
1696 3983 1771 4033 super
1794 3976 1892 4023 neruiue.
1921 3977 2026 4031 celestii

1264 4037 1344 4084 greco
1355 4040 1469 4075 serrnene
1482 4034 1633 4079 attercatere
1645 4031 1726 4081 datum
1739 4041 1786 4092 esi,
1798 4050 1844 4083 non
1855 4035 1932 4085 sulum
1945 4039 2026 4086 iterio·

1264 4085 1308 4133 sire
1318 4089 1590 4147 constratiuenditare,
1605 4094 1647 4141 sed
1659 4094 1731 4141 eiiam
1742 4095 1850 4154 plin-imis
1867 4098 2023 4160 1131131111οοί-

1266 4146 1312 4194 uris
1324 4147 1395 4205 uiris-3
1413 4146 1632 4258 oiriaiurrbannpte
1653 4154 1758 4214 piissime
1775 4158 1874 4219 primipi
1893 4160 2027 4209 'iiremiesiu

1264 4219 1363 4267 semper
1375 4217 1515 4269 nugnst0;r
1534 4225 1610 4271 ipstnu
1623 4227 1654 4261 rx
1667 4228 1747 4274 ςοοοο
1763 4219 1786 4265 1ο
1809 4218 1907 4267 latinum
1925 4222 2027 4269 transla-

1255 4277 1317 4315 tum
1329 4280 1373 4328 pm
1383 4269 1497 4316 errrrrtleut
1507 4273 1601 4320 rtartnrn
1615 4281 1770 4324 tirmioreiu
1781 4278 1865 4327 eluisti
1881 4294 1989 4339 serrum,
2003 4285 2026 4331 in

1265 4328 1390 4395 consulatu
1399 4329 1510 4379 Florentii
1522 4338 1547 4381 ct
1561 4334 1665 4396 nierqsii
1683 4350 1720 4383 rr.
1729 4353 1780 4395 cc,
1794 4341 1910 4401 porqued
1923 4356 2026 4389 minine·

1265 4391 1379 4439 nitorrum
1387 4392 1485 4461 cognito
1496 4392 1658 4443 iirtrestissiuro
1666 4408 1760 4457 errore,
1773 4400 1891 4460 imperiali
1904 4415 1991 4464 praecep
2002 4413 2027 4451 tu

1267 4457 1315 4499 tarn
1323 4450 1431 4501 initiens
1441 4451 1556 4503 delensor
1568 4462 1594 4502 et
1604 4468 1698 4518 srnpmx
1711 4459 1766 4518 ejus
1779 4474 1834 4510 curu
1846 4463 1943 4511 ceteris
1955 4467 2025 4516 seriis

1266 4519 1293 4561 et
1312 4513 1467 4572 participibus
1484 4516 1543 4571 suis,
1566 4528 1637 4579 quarn
1658 4527 1740 4578 postca
1762 4520 1827 4570 idern
1849 4521 1975 4575 celestius
1993 4527 2025 4574 de

1265 4574 1522 4635 (torrstautiuopoiitazre
1545 4590 1606 4626 turre
1629 4578 1744 4641 detrusi,
1763 4582 1786 4630 iu
1813 4584 1904 4646 syrmio
1926 4600 2025 4657 quoqne

1266 4635 1405 4694 ephesiensi
1424 4636 1582 4687 ducentorum
1595 4643 1747 4704 septuaginta
1769 4645 1877 4716 quinque
1900 4658 2026 4709 episcope·

1265 4708 1318 4745 ruer
1329 4701 1450 4749 sententia
1466 4702 1616 4761 postmodum
1627 4703 1651 4751 iu
1668 4713 1782 4764 praesenti
1793 4706 1896 4756 darmrati
1912 4716 1977 4756 snut.

1272 4801 1282 4853 i
1317 4799 1457 4857 Coeiesiius
1469 4802 1575 4870 qnidam
1585 4806 1722 4859 eurnrelrus
1735 4808 1828 4860 matris
1839 4817 1915 4864 utere
1925 4810 2024 4872 editas,

1235 4883 1295 4924 atriu
1307 4871 1397 4940 rigiuti
1416 4873 1477 4942 pius
1492 4874 1578 4926 οοοοοΙ
1591 4890 1676 4927 auitos
1691 4876 1729 4945 (u)
1744 4877 1889 4945 discipulus
1903 4890 1930 4934 ei
1943 4883 2015 4934 urnii·

1235 4949 1277 4995 tur
1292 4942 1389 5010 Pelagii
1411 4957 1534 5010 egressus
1548 4959 1579 4995 es
1595 4944 1659 4997 urire
1682 4945 1820 5012 lionraua,
1836 4948 2023 5018 Certlragiuetu

1234 5010 1331 5064 itincre
1342 5011 1422 5063 totius
1438 5013 1604 5077 reetropoliru
1623 5015 1709 5076 rruii,
1726 5016 1814 5082 iir'tqne
1827 5018 1861 5072 de
1876 5019 1942 5072 inira
1957 5023 2023 5075 scri-

1236 5081 1286 5147 ptis
1301 5081 1424 5147 capitulis
1445 5081 1513 5148 apud
1533 5084 1669 5136 dtrrriiuur
1693 5087 1845 5155 epimeprrm
1867 5106 2021 5145 interemant·

1236 5151 1308 5203 urbis
1323 5165 1369 5216 per
1384 5150 1499 5204 lilreiluut
1513 5167 1527 5202 a
1540 5153 1654 5218 qrtedatn
1672 5156 1781 5209 i'nrriiue
1793 5159 1907 5213 diacono
1921 5172 2020 5214 sancte

1236 5221 1370 5272 uteremiat
1384 5221 1516 5274 ,intimet
1533 5223 1734 5278 ii···ii.inm·rrs÷s
1750 5228 1868 5297 episcopi
1884 5245 1899 5282 e
1915 5239 1924 5283 t
1939 5246 2020 5284 aceu-

1234 5298 1317 5352 satus,
1333 5291 1400 5342 sicut
1412 5302 1545 5358 gesturum
1562 5293 1692 5347 reuiceiiu
1702 5310 1731 5349 se
1742 5298 1830 5359 liniri,
1842 5299 1937 5367 quilius
1952 5302 2021 5355 ideru

1237 5358 1341 5412 libellos
1362 5359 1478 5414 insertus
1501 5372 1540 5415 cst
1564 5371 1687 5429 tqrrortun
1702 5376 1838 5428 gestor-inu
1858 5372 2018 5439 err-inpleris

1198 5464 1201 5469 ·
1235 5428 1361 5483 babemus
1375 5429 1400 5483 in
1416 5430 1569 5501 inanibus),
1585 5441 1708 5501 tanquam
1723 5433 1781 5489 irae
1796 5452 1847 5491 iton
1863 5439 1948 5494 selum
1964 5443 2021 5508 ipse

1233 5499 1362 5565 deerret,
1381 5502 1427 5554 sed
1447 5512 1474 5554 ct
1489 5517 1535 5570 per
1552 5502 1701 5569 ptorinrios
1716 5511 1900 5574 conspirantes
1914 5511 1963 5564 sibi
1978 5513 2021 5564 di·

1234 5584 1336 5636 torsos,
1348 5572 1392 5638 qui
1407 5572 1463 5625 turc
1475 5587 1522 5639 per
1532 5573 1642 5640 imputes
1657 5573 1870 5642 disseminarent,
1885 5580 2019 5635 misisset:
2058 5614 2060 5621 ·

1234 5640 1323 5704 idest,
1341 5658 1351 5692 r
1366 5641 1448 5694 ridant
1467 5642 1606 5695 urortalrm
1627 5643 1735 5710 iactrnu,
1751 5649 1794 5716 qni
1816 5651 1872 5703 sire
1887 5661 2020 5716 peccaret,

1234 5712 1289 5763 sire
1315 5728 1366 5763 nun
1395 5721 1534 5779 peccaret,
1558 5712 1704 5767 rueriiurrrs
1726 5715 1828 5771 inisset.
1853 5736 1863 5770 i
1888 5719 2018 5783 ereniani

1236 5798 1244 5830 r
1263 5793 1399 5850 precamur
1421 5781 1486 5836 ride
1509 5783 1595 5851 ipsunt
1618 5785 1704 5838 solunt
1723 5786 1800 5851 iresit,
1816 5795 1843 5840 ct
1861 5801 1914 5841 uon
1934 5802 2019 5859 genus

1263 5935 1299 5996 (e)
1312 5935 1334 5981 td
1344 5940 1390 5992 est,
1402 5939 1498 5983 circiter
1507 5934 1685 5983 aeuumcirristi
1698 5933 1743 5983 1111
1754 5947 1762 5982 :
1774 5933 1854 5997 quaed
1904 5935 1968 5987 idern
1979 5938 2023 5989 dr·

1233 6005 1283 6045 trun
1305 6005 1448 6056 pirrrntiaiur
1465 5997 1672 6044 iirmmrutitoritttn
1684 5996 1708 6043 itt
1726 5996 1877 6047 constlutui‘
1915 6002 1975 6048 etttii
1993 6009 2023 6052 et

1233 6059 1343 6118 uinrqsii,
1355 6059 1396 6115 riui
1409 6057 1489 6108 liicltlil
1500 6059 1524 6107 111
1536 6070 1623 6108 1111111111
1634 6053 1689 6103 ffl-
