4900 6892
398 628 467 692 titi

434 742 461 804 δ.
482 743 535 808 Per
555 745 626 809 butte
645 751 731 809 ilrum
752 752 821 809 iutra
839 751 938 810 Gallias
955 751 1014 808 istis
1037 751 1046 807 i
1065 751 1117 817 sis.
1141 751 1186 822 qui

398 830 499 879 saum
522 823 658 878 memoriae
683 824 822 894 Augustini
847 824 946 893 scripta
966 838 1045 892 repre
1081 823 1186 888 nduot,

400 893 612 964 maleloquentiae
626 903 667 951 est
682 893 805 961 adempta
824 892 943 958 libertas,
957 891 1063 963 quaudo
1079 893 1188 948 eonsul-

399 965 511 1022 tsutinm
526 964 629 1018 actione
642 974 779 1033 suscepta,
794 973 821 1018 et
834 963 963 1017 librorum
977 963 1021 1033 qni
1035 961 1188 1017 errantibus

397 1033 573 1104 displicebant
582 1035 680 1103 pietate
692 1033 807 1100 laudata,
819 1032 881 1104 quiid
899 1040 1034 1101 oporteret
1048 1032 1081 1085 de
1094 1046 1186 1086 eorum

397 1105 557 1160 aneniritate
573 1105 675 1169 sentiri,
689 1114 782 1158 saincte
796 1100 973 1157 rirauilestarit
993 1101 1110 1171 eloquio,
1128 1102 1186 1155 eri·

396 1174 493 1230 deuter
519 1175 713 1244 pronuntians,
738 1182 865 1243 qnantum
895 1172 945 1225 sibi
973 1171 1186 1241 praesumptionis

398 1245 474 1299 istius
485 1248 588 1300 ueritas
598 1244 760 1312 displiceret,
770 1257 821 1312 qua
836 1241 964 1295 auderent
973 1241 1078 1310 quidam
1091 1241 1187 1293 adier-

397 1329 445 1370 sus
456 1313 580 1383 antiquos
598 1314 738 1382 magistros
755 1313 901 1366 insolenter
913 1313 1061 1380 insurgere,
1073 1321 1097 1365 et
1114 1308 1184 1364 iudi·

396 1385 534 1454 seipliuata
548 1384 679 1438 calumme
695 1382 875 1452 praedicationi
886 1381 1006 1435 veritatis
1018 1380 1183 1449 obstrepere.

470 1499 590 1570 Prosper,
604 1499 630 1553 t'n
641 1496 775 1558 Cbrent'ce,
787 1479 823 1551 ed
834 1512 928 1550 utinum
940 1493 1035 1549 curtari
1049 1493 1112 1550 429.

432 1589 552 1656 Agricola
560 1586 858 1658 l‘elaginnusSereriani
867 1585 999 1654 Pelagium
1012 1584 1082 1638 lilius
1090 1583 1183 1639 [icele-

395 1658 726 1728 siaslliberoiardogmatis
736 1661 775 1710 sui
793 1656 969 1710 insinuatione
985 1656 1113 1722 corrupit.
1129 1653 1183 1708 Sed

395 1731 499 1784 actione
515 1729 622 1784 Palladii
642 1728 747 1781 diaconi
761 1742 827 1798 papa
841 1726 1001 1781 Coeiestinus
1019 1723 1182 1780 Gerraanum

399 1799 655 1853 antisiodorensem
666 1798 818 1866 epictqmut
828 1796 884 1849 vice
897 1810 944 1848 sita
956 1794 1044 1857 mittit,
1057 1795 1184 1847 tittlotur·

351 1866 354 1873 '
395 1868 465 1923 iratis
482 1865 759 1923 liareticislbitannos
767 1866 799 1920 ad
812 1865 969 1920 eatbolioua
983 1864 1062 1918 sidem
1076 1865 1181 1932 dirigat.

395 1979 565 2048 (ὶιιιιιιιιιιιιιι,
578 1979 606 2032 in
621 1977 678 2032 Vita
692 1976 812 2032 Germani
825 1975 934 2046 epiceopi
946 1974 1181 2040 Autissiodorensis,

607 2048 650 2102 lili.
664 2048 690 2114 l,
701 2063 776 2119 capp.
789 2046 879 2107 19,ἳὸ
891 2043 968 2100 etii.

433 2138 458 2194 l.
479 2138 578 2193 Eodem
604 2148 724 2206 tempore
746 2154 779 2192 ex
799 2136 942 2190 lbitanoiis
960 2135 1060 2191 directa
1085 2135 1181 2206 legatio

395 2207 538 2263 Gallicanis
563 2210 694 2278 episeopis
718 2208 848 2262 nuittiavit
871 2205 1037 2275 pelagianam
1050 2209 1182 2275 periersi-

396 2287 476 2332 tatem
490 2279 516 2332 iu
532 2279 596 2333 loeis
615 2281 672 2333 suis
692 2279 744 2332 late
762 2277 874 2346 populos
887 2290 1040 2344 ermipasse,
1056 2286 1083 2329 et
1101 2292 1181 2345 qnam

396 2350 510 2415 primum
532 2347 593 2402 ndet
617 2348 754 2403 catholicae
778 2348 876 2401 debere
898 2346 1027 2400 succurri.
1042 2344 1082 2399 0b
1101 2361 1180 2413 qnam

395 2431 503 2471 causam
522 2417 638 2488 syrtedus
655 2431 796 2470 otrmerosa
816 2414 927 2469 collecta
948 2425 998 2474 est,
1011 2414 1182 2482 omnirunqne

392 2485 494 2554 judicio
512 2486 566 2541 duo
584 2488 710 2555 praeclara
729 2484 864 2554 religionis
882 2484 980 2538 lumina
997 2484 1181 2551 nirirersorum

395 2556 519 2624 precibus
537 2557 698 2621 ambiuntur,
712 2555 861 2610 Germanus
880 2567 912 2606 ae
929 2553 1028 2621 Lupus,
1042 2553 1180 2618 aritistoiiei

395 2625 558 2691 sacerdotes,
574 2635 671 2680 terram
686 2624 850 2693 cerporibus,
865 2622 962 2676 eoelnrn
978 2622 1078 2676 meritis
1093 2623 1179 2690 possi·

394 2693 500 2750 deutes.
514 2694 547 2750 tn
565 2705 663 2765 quanto
684 2695 840 2748 laboriosior
861 2693 1005 2747 necessitas
1025 2693 1180 2760 apiriarebat,

396 2772 470 2818 tarito
483 2779 541 2818 eain
553 2765 700 2834 promptius
713 2764 808 2818 lrcrues
818 2761 981 2817 devotissimi
996 2773 1180 2832 susceperuut,

395 2833 558 2889 celeritatem
574 2834 671 2904 negotii
685 2834 744 2888 ildei
759 2833 871 2886 stimulis
884 2841 1056 2887 maturantes.

430 2902 457 2957 Ξ.
479 2903 606 2958 latebant
625 2905 705 2958 abditi
725 2903 840 2957 sinistrae
854 2902 1034 2971 persrtasiouis
1046 2909 1179 2967 auctores,

395 2979 423 3026 et
434 2987 508 3027 more
518 2974 624 3042 maligni
638 2974 747 3041 spiritus
758 2973 898 3042 gennebaut
912 2971 998 3038 perire
1006 2972 1057 3025 sibi
1071 2972 1182 3041 populus

396 3042 549 3098 evadentes.
563 3042 603 3098 lid
618 3052 766 3097 extreinum
780 3042 904 3095 diuturna
925 3040 1096 3095 meditatione
1114 3057 1181 3095 cou-

395 3121 470 3182 repta
485 3123 647 3182 praesumunt
661 3114 728 3166 inire
740 3111 902 3171 eoullietum.
917 3117 969 3164 ete.
983 3110 1082 3165 Aderat
1095 3125 1180 3180 pepu-

395 3181 437 3240 los
448 3192 581 3250 spectator
590 3192 619 3237 et
633 3182 736 3237 iuturus
750 3182 839 3244 udus,
849 3180 972 3234 astabant
985 3192 1072 3248 partes
1082 3181 1180 3250 dispari

394 3253 547 3307 conditione
569 3253 731 3308 dissimiles:
745 3199 808 3305 birro
829 3250 916 3304 stisiam
939 3252 1099 3316 aucteritas,
1120 3252 1181 3305 inde

395 3320 511 3376 liunrana
526 3324 714 3393 praesumpti03
730 3322 791 3375 ltine
805 3319 880 3378 sides.
896 3318 956 3372 inde
975 3321 1104 3386 perlidia;
1120 3321 1182 3375 bine

395 3389 529 3457 Christus,
545 3392 604 3446 inde
617 3391 738 3461 Pelagius
749 3401 852 3444 artetur.
864 3389 955 3442 Primo
967 3388 993 3442 iu
1010 3388 1068 3442 bico
1082 3389 1182 3444 barattis-

395 3462 455 3515 sirni
464 3461 621 3523 ,saeerdutes
632 3463 801 3531 praebuerunt
811 3458 968 3511 adversariis
977 3459 1079 3525 eep'mm
1091 3457 1182 3526 dispu-

395 3531 479 3598 tandi,
490 3548 549 3602 qna
561 3533 616 3587 sola
627 3532 767 3586 uerborrun
783 3528 898 3583 nuditate
910 3527 954 3580 din
970 3529 1083 3582 iuaiiitei
1094 3539 1119 3581 et
1132 3543 1182 3581 au·

314 3610 319 3617 ‘
395 3616 439 3655 res
449 3603 587 3670 occuqmiit
600 3612 626 3656 et
642 3610 770 3668 tempora.
784 3599 884 3653 lieiude
896 3597 1027 3652 antistites
1039 3596 1181 3651 reiaeraudi

395 3680 528 3726 terrentes
549 3671 646 3741 eloquii
669 3671 709 3725 sui
732 3684 792 3723 ιιιιιι
813 3667 965 3736 apostolicis
983 3678 1010 3721 et
1023 3667 1183 3736 evaugelicis

396 3741 519 3796 tonitruis
531 3741 714 3809 profuderunt.
724 3739 880 3793 bliscelmtur
892 3751 981 3791 sermo
992 3738 1112 3804 proprius
1120 3751 1182 3791 curu

395 3809 495 3872 divine,
511 3821 537 3865 et
554 3812 715 3866 assertiones
731 3809 933 3863 violentissimas
949 3807 1090 3861 lectionum
1106 3807 1182 3861 testi·

395 3882 484 3936 menia
494 3882 681 3950 sequebantur.
693 3879 863 3933 Cormiueitur
872 3877 985 3941 renuitas,
998 3877 1106 3945 perlidia
1116 3892 1182 3931 criu·

396 3950 505 4015 lutatam,
521 3953 555 4004 ita
571 3960 598 4004 ut
612 3950 644 4003 ad
659 3951 775 4019 singulas
789 3950 931 4002 nerinorum
945 3946 1109 4014 objectiones
1124 3961 1183 4001 iens

395 4035 435 4085 se,
458 4035 518 4076 euin
544 4022 706 4089 respondere
727 4025 874 4087 nequeunt,
897 4018 1051 4070 latereutur.
1067 4015 1183 4084 Pupulus

395 4091 495 4145 arbiter
510 4091 552 4146 iix
575 4106 669 4145 uranus
690 4091 808 4144 coritiuet
823 4107 830 4142 :
843 4086 969 4157 judicium
987 4102 1047 4140 eum
1066 4088 1183 4141 claimere

396 4170 516 4215 testatur.

431 4232 458 4286 3.
478 4231 544 4286 Caum
562 4229 650 4284 subito
666 4230 707 4284 ιιι·
725 4228 869 4284 tribunitiae
883 4226 1021 4296 potestatis
1039 4240 1100 4279 etim
1119 4239 1184 4280 eon·

395 4301 457 4371 junge
469 4300 588 4372 precedit
607 4301 633 4354 in
651 4299 776 4359 medium,
791 4299 883 4353 decem
894 4312 1024 4350 asinorum
1040 4296 1119 4349 liliam
1130 4310 1183 4351 eas·

395 4386 455 4424 eain
474 4372 575 4425 sinibus
595 4370 719 4437 ingereris
736 4368 902 4422 sacerdotum
918 4384 924 4419 :
938 4381 1017 4435 quam
1038 4366 1074 4419 illi
1094 4365 1184 4419 elierri

395 4441 556 4496 aduersariis
566 4447 758 4508 praeceperunt.
767 4437 819 4492 Sed
832 4437 868 4490 iiii
883 4437 1046 4490 etruscieutia
1060 4438 1185 4503 prudente

395 4508 870 4580 deterriti,1uriguiituumparentibus
879 4508 1185 4576 preces‚etenrattooem

396 4581 513 4649 parvulae
534 4597 548 4633 a
570 4578 752 4634 sacerdotibus
770 4586 921 4647 precantur.
936 4576 989 4644 Qui
1009 4576 1186 4642 exspectatio-

397 4666 459 4705 nem
475 4651 562 4721 popuii
582 4659 611 4705 et
630 4649 769 4704 inclinatos
784 4648 950 4702 adversarios
965 4648 1109 4710 intuentes,
1125 4659 1187 4699 ora-

398 4721 496 4775 tiunem
511 4722 625 4775 breuiter
637 4718 760 4773 ltiirdunt.
772 4721 809 4771 Ac
822 4716 918 4771 deinde
929 4714 1078 4770 &rotarius
1091 4716 1186 4785 plenus

396 4789 495 4861 Spiritu
515 4800 618 4855 saneto,
640 4799 757 4844 sanctam
779 4789 888 4841 itiiocat
901 4785 1068 4850 Trinitatem,
1080 4793 1107 4838 et
1122 4799 1186 4852 pio·

397 4862 470 4915 titius
488 4860 667 4915 adltaerentem
689 4858 763 4913 lateri
778 4871 828 4911 suu
839 4855 985 4923 capsulam,
1000 4869 1060 4907 cum
1080 4864 1187 4908 sancte·

396 4946 456 4984 rum
476 4930 595 4999 reliquiis
612 4930 682 4983 rollo
699 4929 817 4982 avulsam
832 4926 954 4979 manibus
971 4922 1184 4991 manipreltendit,

396 5015 510 5070 eamque
525 5001 550 5054 iu
565 5008 708 5070 eoirspeetn
725 4997 842 5050 ‹inininm
859 4994 954 5062 puella
972 4994 1056 5047 oeulis
1069 4993 1187 5062 applica·

396 5072 445 5124 vit.
460 5073 533 5136 Quies
546 5071 635 5124 statim
648 5076 794 5124 evacuatos
814 5063 940 5130 tenebris,
953 5064 1053 5118 lusuiue
1067 5063 1186 5118 recitatis

398 5141 528 5211 impleuit.

397 5253 492 5308 Auctor
506 5249 569 5306 Vite
587 5249 666 5304 teneti
683 5247 750 5317 Lupi
763 5247 845 5318 epism
866 5246 873 5258 '
888 5243 1028 5313 Trecentis,
1044 5243 1115 5316 upsd
1131 5243 1185 5300 Sit·

628 5321 703 5386 ιιιιιιι,
715 5318 749 5372 cd
763 5319 829 5371 diem
884 5316 954 5387 jotti.

433 5433 499 5491 Cum
508 5432 687 5501 essetpolieus
700 5430 816 5499 ingenie,
824 5427 911 5482 clarus
919 5425 1034 5494 eloquin,
1046 5424 1186 5480 sanctitate

398 5506 558 5576 praecipuus,
579 5517 639 5557 etim
658 5500 687 5556 S.
706 5499 840 5556 Germano
864 5499 942 5550 totitas
969 5495 1138 5564 perfectionis
1158 5503 1186 5549 et

398 5575 490 5645 gratiae
503 5572 646 5642 spiritualis
662 5571 751 5640 pleno.
762 5579 855 5624 contra
868 5566 991 5620 liuresim
1005 5565 1183 5631 pelagianam,

398 5661 458 5714 quae
466 5658 557 5698 sariam
567 5641 736 5712 oppugnabat
745 5639 835 5702 lidum,
846 5639 870 5690 in
880 5636 1042 5691 Britanniam
1054 5635 1186 5709 proiectus

398 5725 449 5769 est.
462 5714 512 5782 Qui
531 5728 585 5767 uuo
603 5711 697 5781 spiritu
714 5709 801 5778 juncti
815 5716 842 5762 et
856 5707 912 5778 pari
926 5706 1061 5759 ieiunitate
1074 5716 1186 5757 cencer-

305 5796 318 5814 ³
398 5785 463 5848 des,
488 5782 621 5839 terribiles
643 5779 740 5836 Oceani
761 5778 858 5834 lluetus
881 5774 1045 5845 temporibus
1068 5772 1186 5828 bibernis

400 5854 566 5923 inexplorate
579 5851 645 5907 suari
662 5865 691 5906 se
705 5848 914 5913 committentes,
927 5846 1076 5900 orationum
1088 5844 1186 5913 guber·

399 5925 501 5980 naeniis
513 5922 676 5992 mitigarunt,
689 5930 742 5976 cte.
755 5918 875 5987 beatique
887 5930 980 5970 omnes
994 5913 1026 5968 ad
1037 5929 1111 5996 sana
1124 5911 1184 5968 ndei

398 5994 593 6049 eoiriessionem
614 5992 649 6046 ab
668 6006 760 6046 errore
781 5994 948 6047 revocarunt,
961 5999 1021 6038 enm
1035 5999 1087 6051 taur
1104 5993 1184 6038 tetam

402 6061 460 6122 lere
472 6063 632 6120 Britanniam
645 6061 784 6131 Pelagiaua
802 6058 883 6129 pestis
895 6063 1060 6126 occupasset.

676 632 780 698 leilb
798 633 941 697 sonim
960 637 1007 696 ab
1024 635 1209 700 ntsrontalt
1225 638 1493 704 deleORllll
1512 641 1749 702 sustinebunt.

1956 647 2027 706 titt

1241 753 1450 822 destinationis
1466 754 1522 841 Vite
1531 755 1695 835 &derisam
1706 758 1816 833 ιριιιορι
1825 758 2028 818 Ᾱιιιιιιιοιιιηιι-

1276 893 1378 949 liutem
1391 866 1424 951 ex
1437 825 1729 952 ιιιιιιτιιιίιιιιιὺιιξιιιιῗιαιῗιιι1
1735 830 1904 968 &legionem
1918 916 2027 971 perrer-

1239 964 1345 1019 sitatem
1360 967 1453 1019 iterate
1465 967 1555 1035 parteis
1567 969 1719 1021 auctoribus
1732 969 1846 1022 dilatari.
1860 970 2027 1042 liursnirque

1239 1033 1272 1087 ad
1287 1034 1466 1089 beatissimum
1480 1036 1640 1091 Germanum
1656 1052 1749 1104 preces
1766 1039 1883 1093 omnium
1901 1040 2027 1096 deleren-

1239 1113 1291 1166 tur,
1305 1112 1333 1156 ut
1345 1119 1451 1158 cattsam
1463 1107 1520 1170 Dei,
1532 1121 1611 1175 quam
1624 1109 1699 1178 prius
1712 1108 1872 1170 obtimteiot,
1885 1119 2025 1166 tutaretur.

1238 1173 1356 1237 dirorum
1373 1176 1490 1242 petitioni
1508 1175 1619 1230 lestines
1636 1179 1762 1234 «recurrit.
1775 1178 1838 1232 dunt
1853 1189 1879 1233 ιι
1893 1179 2027 1234 laboribus

1238 1243 1393 1304 delectatur,
1412 1254 1439 1298 et
1458 1244 1564 1313 Cipristo
1585 1261 1614 1300 se
1632 1258 1767 1315 gratanter
1788 1251 1924 1317 impendit.
1941 1250 2027 1303 Cessit

1239 1313 1344 1367 mudena
1367 1315 1464 1369 inimici
1488 1316 1583 1369 tortula
1601 1318 1669 1370 ricta
1686 1317 1836 1382 rirttttibns,
1853 1335 1902 1372 nec
1924 1328 2026 1375 tentare

1238 1398 1317 1436 ausits
1331 1394 1383 1444 cst,
1396 1400 1474 1452 titre-m
1490 1387 1534 1439 liei
1549 1386 1662 1439 ataricum
1676 1387 1731 1454 jani
1746 1399 1875 1442 senserat.
1893 1389 2026 1453 Adiuncto

1238 1452 1326 1522 itaque
1345 1454 1446 1508 Serere
1467 1455 1602 1524 episeopo,
1628 1458 1707 1511 totitas
1727 1459 1875 1512 satietitatis
1894 1460 1962 1523 iirn,
1981 1459 2025 1528 qul
2074 1510 2076 1516 .

1239 1530 1301 1577 ttrite
1313 1523 1430 1578 Treuiris
1444 1525 1580 1578 ‘’rdinatns
1593 1526 1744 1595 epismipns,
1756 1538 1808 1582 ete.
1822 1528 1977 1583 Prudieatin
1991 1528 2025 1583 nd

1238 1593 1341 1660 plebem
1360 1593 1394 1648 de
1410 1596 1635 1663 praenotationis
1650 1598 1835 1651 ruteudatioue
1849 1599 2024 1661 eniriertitnr,

1237 1664 1409 1734 omniumque
1426 1667 1557 1718 senitentia
1580 1667 1715 1735 pravitatis
1734 1677 1857 1722 auctores
1876 1669 1977 1734 erqirrlsi
1991 1667 2026 1723 ab

1237 1729 1340 1790 insula.
1364 1733 1547 1788 sacerdotibus
1571 1737 1748 1800 adducamur,
1772 1736 1805 1791 ad
1829 1740 2025 1792 rneilitorreues

1236 1800 1392 1881 deierandi:
1409 1813 1437 1856 ut
1455 1813 1482 1857 et
1499 1805 1571 1875 regie
1588 1805 1767 1873 absolutione,
1788 1818 1815 1862 et
1839 1808 1874 1862 iili
1895 1807 2023 1862 eiiicttda·

1237 1881 1308 1926 tiene
1321 1874 1479 1928 iruerentur.

1318 1987 1362 2041 nn
1382 1987 1584 2044 nnnnGttNts
1601 1989 1929 2046 exposititnltttntts

1288 2097 1321 2136 nr.
1340 2096 1388 2136 sui
1409 2099 1441 2136 ei
1463 2098 1636 2138 ocetnmratt
1661 2098 1785 2138 accessis
1812 2097 1966 2139 macriora.

1368 2189 1549 2257 Nestorisque
1563 2191 1669 2261 epistola
1679 2193 1713 2245 ed
1722 2190 1894 2248 celestiana.

1269 2302 1388 2355 inlianns
1402 2301 1519 2370 qnidam.
1530 2311 1555 2353 rt
1570 2301 1674 2364 Florus,
1687 2311 1714 2355 et
1727 2301 1863 2367 Orontius,
1876 2312 1902 2356 et
1912 2302 2023 2372 Fabius,

1234 2372 1353 2426 dictantes
1365 2388 1394 2424 se
1406 2372 1606 2424 (accidentalium
1622 2373 1733 2437 partium
1746 2372 1895 2442 episeopus,
1911 2387 1981 2441 saepe
1995 2383 2023 2430 et

1235 2442 1382 2510 piis-imunt
1408 2453 1433 2494 et
1464 2440 1707 2506 incardinetissimum
1734 2439 1920 2508 irriperatnrcui
1946 2443 2021 2498 adis·

1234 2522 1296 2564 runt
1313 2513 1360 2580 (a),
1374 2525 1405 2564 ac
1418 2524 1479 2563 sitas
1491 2525 1584 2563 causas
1597 2510 1772 2572 debeieruut,
1788 2518 1911 2579 antiquam
1927 2511 2022 2566 ertbn·

1234 2581 1296 2633 diiii
1324 2580 1486 2646 tenipoiibns
1509 2578 1665 2633 ortbednxis
1694 2579 1904 2648 persecutionem
1931 2581 2020 2649 passi,

1235 2665 1306 2718 seqre
1324 2650 1416 2704 euidens
1431 2660 1458 2701 et
1471 2650 1539 2716 aptrd
1556 2663 1603 2703 ntis
1619 2650 1809 2712 latitentantes,
1822 2664 1854 2702 au
1867 2664 1938 2719 supe
1950 2650 2022 2721 rele-

1234 2722 1288 2785 cti,
1302 2719 1395 2773 eadent
1409 2719 1498 2773 iat-ere
1520 2736 1571 2771 titio
1594 2718 1750 2772 desierunt:
1765 2719 1811 2772 sed
1834 2719 1958 2773 insistunt
1973 2736 2021 2788 per

1216 2789 1291 2861 ,etos
1304 2790 1432 2858 singulos,
1446 2789 1585 2858 isopleuros
1595 2802 1673 2842 aures
1686 2788 1803 2841 errrrrium
1814 2789 1922 2843 tocibtts
1934 2791 2021 2862 laery-

1234 2861 1328 2914 runsis.
1343 2860 1388 2914 liis
1402 2860 1508 2928 quidem
1522 2858 1555 2911 ad
1570 2873 1617 2912 eos
1629 2858 1811 2921 sermonibus,
1825 2858 1920 2927 quibus
1937 2875 2020 2930 oper·

1234 2930 1294 2989 tuit,
1311 2929 1349 2983 usi
1363 2944 1472 2991 struitis,
1486 2944 1546 2981 cnm
1561 2928 1657 2996 negotii
1671 2941 1762 2982 eurum
1776 2942 1864 2981 teratu
1877 2927 1955 2983 bdetn
1973 2944 2022 2986 tie.

1234 3001 1373 3054 sciremus.
1393 2999 1445 3053 Sed
1469 3000 1594 3067 quntiiam
1619 2997 1753 3065 apertiore
1778 2996 1854 3050 siurbis
1876 2997 1910 3052 de
1931 3005 2020 3056 eairsls

1234 3083 1326 3123 eorrrm
1337 3070 1428 3123 taetitia
1443 3082 1509 3136 oriris
1521 3078 1559 3122 est
1571 3109 1578 3129 ,
1594 3082 1628 3121 ne
1642 3067 1775 3135 piissimus
1787 3073 1815 3122 et
1826 3067 2019 3124 christianissi-

1234 3154 1294 3192 mus
1308 3141 1451 3208 imperator
1463 3147 1554 3193 inustor
1568 3138 1717 3192 uittiestiam
1738 3152 1808 3208 supe
1827 3137 1861 3192 ab
1882 3137 1923 3194 bis
1937 3139 2020 3194 susti·

1235 3222 1312 3272 nean
1329 3226 1362 3263 ne
1377 3223 1425 3262 titis
1439 3209 1590 3277 ignorantes
1603 3222 1695 3262 enarum
1715 3222 1808 3261 causas
1829 3210 1898 3262 circa
1921 3209 2019 3274 uegetil

1234 3279 1416 3332 delirationem
1437 3279 1599 3338 desudantem
1623 3280 1732 3344 tligunre
1754 3279 1873 3331 notitiam
1895 3280 1971 3334 tioliis
1984 3279 2019 3336 tls

1234 3348 1276 3401 liis
1291 3350 1389 3415 largiri,
1403 3363 1435 3400 ue
1450 3348 1489 3402 iel
1505 3349 1610 3414 quidem
1626 3347 1770 3415 ignorando
1781 3348 1908 3414 justitiam
1920 3351 2020 3404 verita·

1235 3420 1278 3478 tis,
1296 3418 1443 3485 importuna
1458 3419 1627 3470 miseratione
1638 3417 1843 3479 utinittt·itcttlut';
1857 3418 1896 3470 rei
1912 3418 2021 3475 cartemi-

1235 3502 1294 3540 cam
1307 3487 1512 3554 indign-utonem
1529 3486 1700 3538 beatitudinis
1714 3495 1781 3545 titan,
1795 3501 1853 3551 ιμιιι
1867 3498 1958 3542 cumin
1973 3504 2020 3543 ens

1236 3571 1285 3626 pio
1298 3558 1377 3609 sectis
1392 3555 1526 3624 religionis·
1541 3558 1608 3609 inrle
1620 3556 1728 3624 probatu
1742 3565 1799 3621 cst,
1812 3555 1882 3610 aliud
1894 3558 2020 3626 quiddam

1236 3641 1315 3697 qurum
1331 3625 1381 3679 lieu
1395 3626 1536 3687 mstirucnt,
1548 3634 1600 3679 ele.

1368 3693 1451 3759 idern,
1466 3697 1492 3747 in
1505 3696 1583 3747 altero
1595 3694 1629 3747 od
1642 3694 1755 3748 eumdem
1770 3694 1886 3762 epistola.
2104 3753 2107 3759 ⁸

1271 3765 1347 3833 Sape
1370 3766 1463 3834 scripsi
1485 3763 1641 3819 beatitudini
1666 3773 1717 3818 ture
1742 3772 1851 3832 prepter
1871 3763 2020 3832 lulianum,

1236 3836 1386 3900 (betilium,
1400 3845 1427 3890 et
1438 3845 1560 3899 emmens,
1574 3835 1617 3904 qui
1631 3834 1680 3888 sibi
1696 3843 1823 3903 trsirrpaut
1840 3835 2019 3904 episcopalem

1235 3906 1406 3976 dignieitem,
1426 3915 1452 3958 et
1471 3905 1661 3960 creberrimam
1681 3904 1825 3959 aditionem
1847 3904 1916 3972 :apud
1932 3907 2022 3975 piissi-

1236 3992 1308 4030 mum
1323 3988 1350 4030 et
1363 3976 1607 4044 pradicatissiinant
1621 3974 1808 4042 irruperaterem
1823 3974 1938 4040 iaciunt,
1957 3991 2022 4031 iius·

1237 4061 1288 4117 que
1300 4042 1633 4114 coinciduntfrequentibus
1645 4045 1885 4108 laitieutatinnibns,
1896 4054 2021 4115 tetriquaut

1237 4117 1401 4184 teruperibus
1412 4114 1566 4167 ortbodotis
1578 4113 1612 4166 de
1621 4113 1763 4168 Occidente
1776 4114 1897 4183 prejecti.
1909 4117 1944 4169 nt
1957 4116 2023 4172 bne·

1238 4201 1322 4254 arsque
1339 4186 1436 4252 scripta
1455 4184 1489 4238 de
1506 4181 1548 4236 bis
1566 4197 1582 4236 a
1596 4192 1639 4235 tua
1655 4185 1824 4236 venieratinne
1839 4197 1890 4236 non
1904 4200 1981 4240 susce
2000 4185 2023 4240 i·

1238 4272 1298 4310 mus
1312 4273 1318 4307 :
1332 4270 1391 4323 quas
1407 4254 1429 4306 si
1445 4252 1586 4315 haberem,
1605 4267 1710 4322 possem
1725 4252 1765 4306 eis
1777 4252 1956 4320 respondere,
1990 4271 2022 4308 a·

1238 4340 1347 4394 remqrre
1369 4323 1586 4390 compendiosum
1608 4336 1765 4392 responsum
1784 4321 1898 4376 luctibus
1918 4338 2021 4379 eerrrm

1238 4395 1312 4450 Nune
1326 4395 1397 4448 enim
1411 4393 1445 4447 ab
1461 4392 1568 4445 incertis
1582 4389 1660 4444 dietis
1679 4406 1772 4445 eorrmr
1786 4407 1839 4445 nen
1864 4392 1943 4448 babet
1962 4394 2023 4463 quis

1238 4467 1271 4520 ad
1304 4465 1355 4519 uod
1368 4480 1397 4518 se
1411 4468 1558 4524 censerent,
1572 4461 1632 4514 aliis
1644 4460 1784 4516 hereticus
1795 4476 1842 4516 eos
1856 4463 2021 4529 rorantibus,

1238 4545 1266 4590 et
1280 4482 1339 4589 ideo
1357 4534 1390 4587 de
1405 4531 1614 4587 occidentalibus
1629 4531 1749 4599 partibus
1764 4532 1896 4600 projectos
1908 4547 1968 4588 esse
1982 4532 2024 4587 di·

1239 4605 1377 4669 eentibus;
1399 4603 1462 4672 ipsis
1478 4616 1542 4656 iere
1558 4601 1709 4670 juraruibns
1722 4601 1881 4655 calumniam
1896 4616 1925 4656 se
1939 4602 2023 4657 susd-

1239 4676 1339 4736 nuisse,
1350 4684 1376 4727 et
1384 4672 1531 4744 pmiculum
1541 4687 1588 4738 pro
1596 4670 1742 4726 ortbodera
1752 4671 1841 4724 sideest
1852 4671 2023 4741 stilireptiene

1240 4759 1390 4828 perpessus.
1402 4744 1518 4809 Qiriirum
1530 4751 1618 4796 utrum
1628 4750 1729 4795 certum
1744 4742 1787 4804 sit,
1799 4740 1875 4794 nuliis
1885 4743 1973 4810 graiis
1982 4750 2024 4795 est

1240 4815 1396 4884 ignorantia.
1407 4812 1472 4868 Nam
1485 4811 1627 4866 eeridoleie
1641 4811 1695 4874 eis,
1709 4810 1730 4863 si
1746 4824 1807 4863 iere
1820 4809 1937 4864 baeretici
1950 4821 2022 4877 suut,

1239 4887 1340 4939 crimen
1359 4891 1402 4938 est
1413 4901 1419 4936 :
1431 4894 1458 4936 et
1473 4884 1568 4936 iterum
1584 4895 1635 4933 ueri
1649 4878 1810 4942 coridolere,
1828 4879 1850 4933 si
1863 4881 2023 4935 calumniam

1240 4958 1391 5015 sustinent,
1413 4952 1509 5007 duriam
1535 4959 1563 5004 et
1589 4949 1696 5018 impium
1722 4958 1774 5002 est.
1797 4949 1924 5019 liigoetur
1945 4950 2025 5021 igitur

1240 5025 1419 5080 amantissima
1444 5021 1490 5074 liei
1516 5021 1603 5073 anima
1628 5029 1671 5073 tua
1694 5018 1916 5081 iulnrmareuos,
1932 5021 2023 5089 quiad

1240 5103 1381 5160 utrumque
1393 5098 1555 5145 momentum
1571 5091 1707 5159 litteusque
1720 5088 1872 5153 dividimur,
1889 5090 1914 5142 id
1929 5099 1980 5149 est.
1995 5099 2023 5145 ei

1239 5164 1272 5218 ad
1285 5164 1385 5228 inditam,
1396 5161 1467 5216 etad
1482 5161 1677 5214 miserationem
1699 5174 1802 5214 cerum.
1823 5158 1914 5212 buceri
1933 5169 2023 5215 autent

1239 5234 1376 5298 rolnirins,
1391 5247 1470 5301 quam
1492 5230 1525 5284 de
1544 5229 1585 5282 bis
1605 5227 1762 5282 senteutiam
1784 5238 1931 5284 teneamus.
1955 5228 2027 5283 beti-

1240 5319 1335 5358 nemus
1347 5302 1418 5356 euim
1433 5299 1540 5354 eosdem
1552 5298 1623 5353 siros
1636 5313 1683 5366 per
1693 5296 1751 5351 dies
1765 5297 1883 5363 singulus
1896 5296 2025 5355 ιιιιιιιιιιι·

1240 5375 1326 5428 iantes
1338 5387 1386 5439 spe
1398 5380 1426 5425 ιι
1438 5370 1635 5436 exspectatione.
1648 5365 1822 5421 lbiatitndinis
1834 5375 1895 5421 tuae.

1299 5441 1457 5504 caterinae,
1473 5441 1499 5491 iu
1512 5439 1617 5505 epistola
1629 5437 1663 5490 ud
1677 5435 1823 5490 Nestorium
1832 5438 1964 5508 surripis.

1275 5511 1424 5582 Aliquantis
1442 5509 1535 5563 diebus
1554 5508 1614 5560 ritae
1635 5515 1743 5572 nostre,
1763 5517 1824 5578 pest
1841 5508 1983 5564 nelairdum
1997 5514 2025 5562 et

1239 5598 1310 5652 sape
1323 5583 1476 5636 damnatum
1488 5578 1583 5649 dogma
1596 5577 1691 5647 Pelagii
1705 5586 1785 5648 atque
1796 5577 1924 5642 Goelestii,
1937 5576 2031 5632 estbe-

1239 5655 1290 5711 lica
1304 5650 1369 5706 lides
1382 5650 1497 5721 quietem
1511 5647 1617 5713 babuit,
1631 5647 1738 5717 qumodo
1754 5663 1802 5703 ees
1818 5662 1880 5702 eum
1899 5662 1954 5702 suae
1968 5645 2039 5715 epi-¹

1239 5725 1326 5780 aionis
1340 5719 1498 5792 sequacibus
1511 5719 1570 5774 telis
1584 5718 1664 5775 uuita
1677 5719 1818 5774 sententie
1830 5714 1926 5772 Oriens
1941 5713 2022 5771 Occi·

1269 5875 1575 5939 inluminatorem,
1594 5865 2027 5940 muosdlleetcmistllsi2lloein

1238 5946 1380 5989 umesmre
1405 5949 1446 5986 eru
1464 5937 1601 5998 imperatori
1613 5933 1791 6004 nreedesieet
1810 5930 2026 6000 consanttuepoli·

1239 6007 1301 6049 tarsae
1312 5998 1424 6048 beelssiae
1443 5994 1754 6047 dediteontratullauume
1827 6004 1841 6039 e
1860 6002 1941 6041 weiss
1960 5999 2026 6044 uuam

1240 6061 1403 6124 monitorium,
1415 6060 1478 6124 qued
1493 6059 1624 6108 eiliibctur
1633 6066 1714 6118 supra,
1722 6002 1850 6114 ωιἭθ,
1862 6064 1917 6116 sqq.
