4900 6892
409 694 479 752 taes

408 821 498 867 tannen
518 818 619 866 eertum
643 816 683 863 est
708 808 832 862 utoritnm
856 806 1031 871 innocentie,
1058 821 1119 861 cnm
1147 818 1199 875 qua

325 884 328 890 ⁵
409 902 552 957 ltnntanum
565 897 685 969 procedit
696 897 850 963 exordium,
865 897 1007 951 saturitatis
1021 896 1084 951 vitio
1099 895 1196 964 deper-

409 996 457 1049 ire.
478 995 513 1047 at
536 991 635 1061 equita
656 989 682 1044 id
709 1004 769 1045 esse
793 1003 845 1044 nou
859 990 946 1044 abnuo
963 1007 969 1043 :
984 987 1031 1042 sed
1055 986 1119 1043 illud
1137 993 1197 1052 est,

407 1082 477 1153 qnod
493 1082 534 1136 bis
547 1080 723 1134 illuminatum
743 1079 872 1149 exemplis
896 1079 973 1143 volo,
985 1079 1047 1149 qnia
1062 1092 1122 1133 oum
1138 1076 1199 1132 utta

406 1174 440 1228 ait
455 1170 571 1226 diriditio
589 1169 657 1224 lacta
677 1169 843 1239 qualitatum,
862 1184 910 1239 per
924 1183 990 1239 quas
1007 1169 1068 1224 boni
1085 1178 1112 1224 et
1135 1167 1198 1223 ntali

407 1264 529 1325 dicimur,
543 1270 571 1316 ut
591 1261 710 1331 subjure
722 1261 822 1331 agitent
837 1259 996 1325 voluntatis3
1021 1268 1127 1328 tamque
1146 1256 1198 1313 boo

406 1355 440 1407 sit
461 1353 531 1407 serio
552 1351 735 1415 constitutum,
764 1361 793 1405 ιιι
810 1365 860 1405 ιιι
884 1350 1046 1417 innocentia,
1069 1364 1129 1419 quae
1149 1363 1198 1419 pro

406 1444 534 1514 dignitate
546 1443 662 1497 auctoris
676 1441 792 1496 officinm
808 1442 943 1496 antevenit
953 1442 1096 1515 autumatis
1107 1450 1133 1495 et
1146 1455 1195 1495 na-

405 1535 499 1588 taralis
524 1543 583 1597 est;
600 1542 687 1587 tamen
702 1533 772 1586 nulla
790 1547 820 1588 se
833 1541 963 1602 potestate
975 1532 1001 1587 itt
1013 1532 1103 1586 animo
1117 1547 1197 1600 repu-

405 1634 504 1692 gnante
518 1622 660 1688 custodiat,
675 1621 753 1693 longe
763 1623 894 1692 longeqno
907 1623 1021 1700 amplius
1034 1622 1084 1677 boc
1099 1622 1125 1676 in
1135 1621 1197 1677 mali

407 1724 482 1783 parte
494 1716 538 1783 jus
551 1714 648 1779 valeat,
662 1721 690 1768 ut
701 1714 800 1767 nullam
814 1716 839 1767 in
852 1714 961 1768 rationis
974 1714 1083 1769 exitium
1104 1722 1196 1785 tyran·

406 1806 494 1860 uidem
510 1814 632 1876 capessat
646 1805 724 1874 culpa
736 1806 871 1860 voluntate
885 1815 1018 1875 suscepta.
1033 1804 1067 1860 Et
1085 1806 1106 1860 si
1127 1806 1195 1859 bona

406 1896 536 1965 qualitas,
551 1910 612 1950 curu
627 1911 677 1965 qua
691 1896 777 1951 lactus
789 1904 830 1950 est
844 1897 925 1950 bomo
935 1936 943 1961 ,
955 1895 1128 1950 immutabilis
1143 1908 1195 1949 nott

407 1984 456 2041 init
470 1985 548 2058 (salso
559 1986 630 2040 enim
647 1985 781 2040 dicoretur
795 1985 862 2040 liber
877 1984 968 2051 bomo,
986 1984 1009 2039 si
1031 1994 1119 2038 motus
1131 1998 1195 2053 pro·

355 2077 357 2080 ’
407 2077 479 2147 prios
492 2077 595 2131 variare
608 2091 660 2130 non
675 2076 776 2148 posset)
790 2093 796 2131 :
810 2076 895 2131 multu
907 2075 991 2147 magis
1001 2075 1116 2146 qualitas
1128 2075 1195 2130 maia

407 2166 462 2221 tiuri
488 2182 541 2220 non
568 2167 667 2236 potuit,
681 2176 711 2220 ut
730 2165 902 2221 immutabilis
920 2174 949 2220 et
965 2165 1101 2220 rationalis
1113 2166 1142 2221 ¹:
1162 2179 1196 2219 ne

405 2257 449 2311 illa
465 2257 532 2310 ratio
543 2256 672 2312 libertatis
686 2255 868 2325 praeiudicium
880 2270 895 2310 a
907 2256 968 2310 mali
982 2265 1056 2326 parte
1066 2257 1193 2322 sentiret,

344 2396 349 2405 ,
405 2345 475 2414 quod
493 2353 602 2416 propter
613 2353 710 2401 statum
722 2359 799 2400 suum
814 2344 959 2401 necaboni
968 2346 1090 2416 portione
1103 2354 1195 2416 portu·

404 2434 482 2490 lerat.

440 2527 508 2582 duo.
523 2525 592 2581 ls'cee
607 2534 635 2581 tu
649 2540 754 2598 quoque
767 2526 901 2594 invenisti,
916 2535 944 2583 et
955 2528 1077 2598 quamvis
1090 2530 1193 2599 scrius,

405 2626 493 2672 tamon
507 2617 649 2687 aliquando
672 2618 719 2672 tibi
738 2618 848 2673 venitin
864 2626 997 2685 mentem,
1013 2619 1082 2675 unde
1096 2631 1138 2676 tua
1153 2631 1194 2678 te-

403 2710 516 2763 meraria
527 2709 657 2763 sententia
670 2708 823 2763 destruatur
835 2726 840 2761 :
852 2708 940 2764 dixisti
952 2711 1059 2780 qnippe,
1073 2713 1195 2771 naturale

403 2799 522 2861 bonum,
544 2798 614 2868 quod
633 2808 675 2854 cst
689 2799 859 2864 innocentia,
881 2815 959 2870 posse
975 2802 1117 2858 voluntatis
1130 2804 1194 2860 vitio

403 2889 525 2957 deperire
537 2905 544 2940 ι
555 2902 586 2942 ac
601 2903 649 2958 per
668 2889 718 2943 boc
732 2896 785 2942 tam
800 2904 924 2959 magnum
944 2890 1060 2961 bonum,
1075 2894 1144 2962 quod
1158 2895 1194 2950 ita

405 2978 519 3048 partinet
533 2977 566 3032 ad
581 2987 713 3041 naturam,
730 2994 782 3032 non
798 2981 927 3049 corporis,
943 2980 989 3035 sed
1003 2982 1085 3052 ipsius
1096 2983 1191 3053 animi,

403 3081 431 3124 nt
448 3085 507 3124 curn
521 3069 578 3137 ipso
591 3068 661 3124 bono
680 3069 751 3124 llcus
765 3069 900 3124 bominem
923 3069 1028 3138 lecerit,
1049 3074 1193 3131 amissibile

729 689 851 748 orbdts
871 689 1075 748 tutasttdtscst
1095 690 1229 748 CONTRA
1249 688 1429 760 JUleNUll,
1449 692 1478 749 S.
1498 693 1682 752 AUGllSTlNl

1254 803 1353 874 aliquid
1367 804 1400 859 de
1410 804 1567 861 innocentia
1577 807 1725 876 perditione
1739 808 1889 879 contingat,
1905 819 1933 865 et
1947 813 2045 868 volua-

1254 895 1320 948 tario
1334 903 1406 948 motu
1428 897 1515 964 perire
1535 899 1634 967 possit,
1651 897 1739 953 redire
1751 912 1803 953 non
1817 900 1912 970 possit·
1931 900 1998 957 Natu
2014 912 2043 960 et

1252 1000 1327 1040 sacra
1340 986 1486 1057 virginitas,
1501 988 1522 1042 si
1536 1004 1582 1057 per
1592 989 1750 1059 impudicam
1763 999 1854 1059 pereat
1867 991 2041 1062 voluntatem,

1251 1075 1285 1130 ad
1309 1078 1461 1146 pudicitiam
1485 1078 1588 1133 rediri¹
1609 1088 1714 1149 potest,
1733 1079 1767 1134 ad
1788 1081 1968 1151 virginitatem
1989 1097 2041 1141 noa

1253 1173 1349 1234 potest.
1364 1166 1418 1222 Sed
1432 1166 1519 1222 adbuc
1532 1168 1716 1237 respondetur,
1732 1180 1759 1225 et
1773 1171 1951 1241 integritatem
1962 1173 2042 1244 virgi·

1251 1255 1359 1310 nitatis¹
1373 1256 1398 1310 in
1413 1270 1542 1328 corpore,
1560 1273 1612 1312 non
1626 1259 1717 1330 utique
1728 1259 1809 1314 animi
1823 1276 1903 1329 esse,
1919 1262 1968 1317 sed
1982 1279 2042 1320 cor·

1251 1345 1324 1413 poris
1336 1361 1343 1399 ε
1354 1359 1416 1400 cum
1428 1361 1492 1402 tero
1506 1346 1540 1401 de
1555 1347 1704 1403 innocentia
1719 1349 1895 1419 disputatur¹,
1912 1361 1941 1407 et
1955 1362 2042 1410 tamen

1251 1436 1474 1492 considerandum
1497 1447 1557 1504 est,
1583 1446 1672 1494 utrum
1696 1439 1729 1494 ad
1752 1440 1883 1510 justitiam
1908 1444 2042 1500 voluntate

1250 1526 1343 1582 redeat
1354 1527 1398 1595 qui
1414 1527 1575 1595 peccauerit,
1589 1544 1643 1582 non
1658 1530 1691 1583 ad
1705 1529 1901 1595 innocentiam
1916 1532 1986 1586 sicut
1999 1532 2041 1590 ille

1250 1616 1284 1671 ad
1300 1617 1471 1687 pudicitiam,
1488 1632 1540 1673 non
1554 1619 1587 1672 ad
1601 1619 1777 1690 virginitatem
1797 1621 1876 1677 redit.
1891 1622 1960 1677 Nam
1975 1624 2042 1681 sieut

1250 1707 1377 1776 injustitia
1395 1708 1519 1777 justitian
1537 1710 1571 1763 ita
1590 1710 1749 1765 innocentie
1766 1711 1838 1767 relat
1861 1713 1922 1784 ejus
1938 1725 2042 1769 contra·

1250 1800 1330 1865 riurrr,
1340 1816 1392 1853 non
1402 1799 1542 1870 injustitia,
1554 1801 1600 1856 sed
1610 1812 1701 1857 reatus
1711 1805 1863 1873 opponitur,
1872 1806 1917 1875 qui
1927 1805 2042 1864 bominis

1249 1889 1385 1945 solumate
1404 1906 1457 1946 non
1472 1892 1587 1960 tollitur,
1602 1891 1652 1948 etsi
1666 1895 1723 1963 ejus
1738 1894 1874 1952 voluntate
1888 1899 1926 1953 sit
1944 1897 2039 1956 laum.

1248 1980 1307 2041 lion
1320 1982 1391 2036 enim
1407 1997 1500 2037 rernm
1522 1983 1608 2051 sidet,
1630 1984 1675 2054 qui
1700 1994 1773 2055 putat
1793 1997 1896 2042 reatum
1918 1990 1968 2045 sibi
1991 1990 2039 2062 ipsi

1248 2072 1342 2128 tollere
1354 2075 1542 2142 poenitentem3
1557 2091 1706 2146 quanquam
1718 2086 1746 2134 et
1758 2078 1842 2148 ipsam
1856 2082 2039 2150 paenitentiam

1249 2163 1319 2218 Deus
1331 2164 1386 2229 det,
1401 2165 1471 2235 qnod
1486 2166 1629 2236 Apostolus
1642 2167 1784 2223 contlrmat
1794 2168 1902 2234 dicens,
1919 2170 1962 2227 Νι
1976 2176 2041 2245 [mr

1247 2253 1298 2308 ttttr
1313 2253 1382 2310 Deus
1394 2255 1436 2309 det
1450 2257 1619 2325 poem'teatr‘trm
1628 2257 1662 2329 (ΙΙ
1672 2257 1739 2312 Tim.
1752 2275 1782 2326 tt,
1796 2259 1842 2331 25)
1855 2263 1922 2317 :sed
1936 2273 2038 2323 miton

1248 2344 1417 2413 apertissime
1430 2345 1502 2400 [leus
1515 2345 1594 2413 toltit,
1611 2347 1710 2402 bomini
1725 2347 1813 2402 dando
1825 2349 2038 2421 indulgentiam

1249 2433 1364 2489 nonsibi
1384 2435 1441 2504 ipse
1459 2434 1556 2502 bomo,
1579 2436 1682 2507 agendo
1697 2439 1890 2506 penitentiam.
1907 2442 2038 2500 Debemus

1247 2523 1345 2593 quippe
1359 2523 1433 2578 illum
1444 2524 1571 2589 recolere.
1593 2527 1638 2595 qui
1654 2525 1740 2580 loeutn
1753 2527 1918 2597 penitentiae
1930 2545 1983 2585 uon
1995 2532 2038 2587 in·

1248 2612 1336 2678 verrit,
1351 2612 1473 2682 quamvis
1492 2628 1552 2668 cum
1571 2613 1697 2686 lacrymis
1714 2616 1847 2685 quesierit
1861 2632 1922 2674 eom
1939 2619 2036 2690 (fleis.

1248 2719 1298 2769 ιιι,
1314 2704 1370 2776 tl).
1385 2707 1424 2760 dc
1437 2719 1485 2775 per
1497 2705 1548 2761 boe
1559 2716 1586 2760 et
1599 2707 1782 2776 poenitentiam
1795 2710 1864 2779 egit,
1878 2719 1907 2766 et
1920 2726 1983 2767 reus
1995 2726 2037 2768 re·

1246 2795 1363 2863 mansit,
1386 2796 1447 2866 quia
1461 2796 1563 2850 reniam
1579 2811 1632 2850 non
1646 2798 1748 2868 accepit
1759 2816 1766 2852 ε
1778 2807 1805 2853 et
1823 2799 1860 2853 illi
1883 2802 1930 2870 qui
1948 2801 2046 2858 dicent

1245 2884 1316 2940 inter
1329 2900 1369 2952 se,
1381 2887 1550 2955 poertt'terttittm
1559 2898 1670 2957 opertior,
1685 2898 1709 2940 et
1723 2905 1768 2959 per
1777 2892 1922 2961 supertiam
1935 2893 2036 2962 spiritu

1245 2976 1452 3045 qeotmter,Qaid
1458 2976 1529 3031 uobis
1536 2978 1632 3048 profuit
1642 2978 1758 3047 ruperbio
1767 2979 1842 3051 (Sap.
1852 2996 1877 3046 v,
1889 2981 1916 3047 3,
1926 2981 2035 3052 8),ααῖ

1246 3067 1286 3122 rei
1299 3067 1388 3138 utique
1402 3067 1428 3122 in
1440 3076 1587 3134 aeternum,
1602 3085 1654 3122 non
1667 3080 1776 3140 accepta
1787 3072 1879 3138 senia,
1896 3088 2036 3143 permane-

402 3175 463 3214 csso
477 3159 630 3233 monstrasti
640 3177 647 3215 :
657 3158 729 3229 quod
752 3159 775 3213 si
799 3167 860 3215 ante
882 3160 929 3217 tibi
944 3161 1059 3217 uenisset
1073 3162 1100 3217 in
1116 3179 1193 3220 nteu·
1244 3153 1312 3214 lttssll
1325 3175 1333 3212 τ
1344 3158 1413 3213 sicul
1426 3159 1506 3213 etiam
1528 3159 1572 3213 ille
1588 3158 1689 3229 dequo
1707 3160 1837 3215 Dominus
1849 3161 1900 3226 ait,
1922 3162 1982 3217 Nou
1995 3180 2035 3219 rr·

402 3260 474 3313 tem,
490 3264 542 3303 non
559 3258 664 3318 putares
677 3249 859 3320 prodigialiter
872 3258 899 3306 et
913 3251 1023 3306 nimium
1037 3251 1193 3310 deformiter
1244 3255 1356 3309 mittetur
1369 3253 1402 3321 ei,
1415 3253 1460 3307 red
1472 3268 1529 3306 reor
1544 3252 1591 3306 erit
1603 3254 1690 3308 oetrrrti
1702 3254 1798 3324 peceati
1810 3252 1908 3322 (llere.
1925 3271 1964 3322 nt,
1976 3256 2033 3327 stt).

402 3341 465 3406 dici,
483 3339 577 3395 «Bene
592 3340 740 3395 institutum
755 3349 795 3395 est
806 3340 915 3407 animal,
930 3342 956 3396 in
970 3358 1023 3412 quo
1037 3343 1192 3400 amissibilia
1244 3343 1312 3398 Ecce
1322 3342 1427 3397 inventa
1441 3348 1482 3396 est
1492 3342 1643 3397 innocentia
1658 3356 1782 3412 magnum
1795 3342 1911 3398 bominis
1925 3344 2032 3411 lionam,

402 3432 508 3485 tuterunt
526 3429 594 3484 bona
613 3430 693 3484 ctiam
715 3430 887 3484 naturalium
912 3430 1150 3488 auarissibtttaenirn
1163 3442 1192 3490 tn
1243 3441 1323 3503 atque
1343 3433 1380 3488 ita
1401 3433 1537 3498 naturaie,
1559 3440 1588 3487 ut
1609 3447 1669 3487 cum
1684 3432 1730 3487 illa
1747 3433 1782 3488 sit
1798 3434 1921 3489 conditus
1934 3435 2034 3506 primur

402 3519 500 3589 putasti
513 3533 590 3579 csse,
604 3518 652 3573 sed
667 3519 827 3585 voluntaria,
842 3519 883 3574 uel
895 3519 975 3587 bona,
989 3522 1031 3576 rel
1045 3522 1129 3590 mala;
1144 3537 1194 3579 nr-
1243 3504 1336 3589 bomo,
1351 3530 1378 3577 et
1391 3522 1459 3578 sicut
1477 3539 1525 3578 ros
1545 3521 1644 3589 dicitis,
1666 3537 1728 3578 eum
1749 3524 1792 3578 illa
1812 3526 1930 3580 nascitur
1947 3525 2034 3582 omnir

402 3612 495 3666 toralia
516 3623 581 3665 sero
595 3609 667 3664 soles
686 3609 868 3666 inamissibilia
891 3612 1045 3681 praedicare.
1062 3613 1101 3668 Tu
1119 3615 1192 3671 enim
1244 3612 1340 3678 bomo,
1361 3628 1421 3682 quse
1449 3621 1538 3667 tamen
1558 3613 1672 3667 bominis
1691 3611 1826 3668 voluntate
1839 3614 1916 3683 perdi
1930 3624 2031 3685 potest,

401 3711 429 3756 et
450 3699 512 3754 alibi
535 3696 620 3763 dicis,
643 3697 703 3767 quia
730 3698 880 3753 «naturalia
895 3698 929 3753 ab
944 3700 1018 3755 initio
1037 3703 1192 3760 substantie
1247 3718 1299 3757 non
1315 3711 1401 3772 potest
1418 3702 1491 3757 reddi
1502 3718 1509 3756 :
1519 3710 1546 3757 et
1556 3712 1646 3758 reatus
1656 3717 1780 3773 magnum
1791 3704 1890 3758 malum
1906 3704 2032 3760 innocen-

401 3804 486 3859 usque
499 3787 532 3841 ad
545 3785 767 3842 torminumilllus
783 3797 953 3858 perseverant
966 3789 1094 3859 alstemo,
1108 3791 1189 3863 tim,
1245 3795 1340 3863 tiaeque
1361 3794 1542 3860 contrarium,
1563 3794 1634 3866 quod
1656 3803 1743 3849 tamen
1761 3778 1879 3864 potestas
1900 3795 2030 3864 bomittir,

401 3896 460 3947 cop.
473 3878 518 3948 to)
530 3897 536 3933 :
547 3877 581 3933 ad
600 3879 651 3934 boe
671 3887 700 3932 ut
718 3879 831 3934 liberum
842 3878 995 3945 arbitrium,
1010 3882 1079 3950 quod
1091 3882 1192 3940 bomini
1243 3897 1303 3938 cum
1321 3883 1355 3938 sit
1375 3883 1561 3946 voluntarium,
1579 3885 1665 3954 possit
1688 3882 1796 3948 inferre,
1816 3898 1867 3940 nec
1886 3885 1971 3955 possit
1987 3899 2033 3940 rn-

402 3970 489 4033 llcns,
502 3984 562 4024 cum
574 3984 634 4024 eum
645 3978 760 4036 crearet,
776 3968 859 4035 dedit,
873 3970 956 4024 amitti
972 3986 1024 4026 non
1039 3987 1116 4043 posse
1129 3989 1193 4030 oon-
1242 3971 1323 4027 lerre.
1344 3970 1461 4028 Videsne
1482 3972 1706 4042 quemadmodum
1723 3973 1856 4044 generalis
1876 3983 1921 4029 tua
1943 3973 2031 4046 reguh

402 4061 511 4126 tondas3
526 4061 659 4131 precipue
671 4075 794 4116 asserens
808 4062 935 4117 naturalia
952 4061 1020 4119 bona
1035 4065 1192 4124 voluntariis
1243 4068 1287 4123 illa
1300 4065 1451 4137 frangatur,
1467 4081 1518 4136 qna
1534 4068 1645 4136 putabas
1657 4065 1903 4134 naturale-bonum,
1922 4081 1971 4123 tros
1983 4082 2031 4123 ro·

402 4153 479 4207 malis
490 4151 576 4222 perire
586 4167 638 4206 non
649 4165 737 4221 posse.
745 4150 779 4206 Et
788 4151 848 4207 ideo
858 4152 956 4220 dicitis,
968 4155 1038 4226 quod
1047 4157 1072 4212 in
1083 4172 1192 4227 perver·
1243 4159 1346 4214 luntate
1358 4172 1412 4211 non
1432 4155 1559 4227 perdere;
1575 4155 1681 4226 quaudo
1696 4156 1832 4211 inventum
1845 4157 1967 4227 estquod
1980 4171 2031 4214 non

401 4261 459 4299 snm
477 4243 565 4299 onmia
582 4259 711 4300 conentur
723 4260 854 4314 asserere,
870 4254 994 4318 tanquam
1007 4249 1126 4306 dicamus
1138 4267 1192 4308 raon
1244 4251 1330 4307 solum
1352 4257 1462 4320 pereat,
1486 4248 1533 4303 sed
1549 4263 1598 4304 neo
1615 4247 1708 4304 redcat
1724 4248 1882 4314 voluntate,
1907 4249 2032 4305 dnnurrt

402 4350 480 4406 posse
495 4335 579 4390 amitti
592 4335 738 4390 uoluntaria
753 4335 838 4402 maia,
861 4351 942 4408 posse
954 4350 1042 4395 autem
1062 4342 1192 4400 naturalia
1243 4340 1379 4397 humana?
1399 4341 1471 4396 Deus
1488 4321 1575 4394 autem
1590 4347 1678 4410 potest
1695 4339 1830 4394 bominem
1850 4349 1927 4395 reatu
1947 4341 2032 4396 ablate

402 4428 470 4482 bona
485 4446 491 4482 :
504 4427 573 4497 qnod
591 4441 640 4481 nos
663 4425 770 4494 quidem
786 4441 837 4481 non
851 4426 981 4494 dicimus;
996 4438 1108 4503 utraque
1120 4432 1192 4488 enim
1242 4430 1277 4487 ad
1290 4431 1467 4487 innocontiam
1484 4444 1620 4484 revocare.
1640 4428 1695 4486 Cur
1707 4445 1770 4500 ergo
1783 4445 1837 4485 non
1854 4430 1943 4486 credis
1953 4431 2031 4487 liber·

402 4517 605 4573 dicimusamitti
615 4532 707 4587 posse;
719 4518 764 4572 sod
776 4518 844 4572 mala
852 4535 910 4588 que
921 4521 1136 4594 invehunturper
1146 4540 1193 4580 ro-

402 4611 529 4665 lnntutem
547 4609 675 4675 liberam,
699 4622 748 4676 per
768 4607 883 4662 diuinam
904 4610 1093 4683 indulgentiam
1113 4630 1192 4685 posse

402 4701 498 4766 amitti,
515 4700 556 4756 rel
568 4716 615 4769 pur
626 4701 767 4753 bumanam
780 4700 953 4768 voluntatem,
970 4704 1016 4758 sed
1030 4707 1111 4762 abeo
1126 4708 1192 4764 libe·

402 4805 501 4860 ratam,
514 4801 541 4848 et
553 4808 568 4847 a
581 4793 694 4847 llominu
703 4801 890 4862 praeparatam.
904 4793 1002 4849 Verum
1017 4803 1044 4850 tu
1059 4797 1103 4867 qui
1114 4797 1190 4867 dicis,

404 4884 489 4939 arnitti
508 4897 586 4952 posse
605 4899 651 4951 per
665 4883 831 4938 voluntatem
854 4885 965 4950 malam,
981 4885 1028 4941 sed
1044 4887 1192 4945 uoluntaria

404 4977 489 5039 bona,
504 4987 556 5027 non
570 4973 710 5037 naturalia,
721 4988 785 5029 ecce
794 4974 927 5041 invenisti,
943 4984 1022 5046 atque
1033 4977 1088 5047 ipse
1102 4977 1192 5035 dixisti

404 5066 602 5125 innocontiam.
619 5063 688 5134 quod
703 5071 745 5118 cst
757 5066 877 5120 naturale
890 5065 998 5133 bonum,
1014 5067 1098 5122 amitti
1114 5083 1193 5139 posse

406 5177 452 5231 per
471 5156 649 5214 uoluntarium
672 5154 781 5209 malum.
796 5156 829 5210 Et
843 5156 1011 5223 innocentia,
1032 5157 1054 5214 si
1070 5158 1137 5215 bene
1149 5167 1190 5215 at-

405 5249 514 5313 tendas,
538 5247 624 5316 majus
636 5246 734 5302 bonum
747 5255 803 5312 ιιι,
819 5261 896 5317 quam
911 5247 1022 5304 liborum
1035 5250 1191 5307 arbitrium:

404 5342 466 5411 qnia
479 5339 628 5393 innocentia
643 5352 688 5393 res
703 5334 834 5392 bonomm
848 5345 899 5404 est,
914 5338 1027 5395 libemm
1041 5357 1104 5396 vero
1117 5342 1192 5398 arbi·

405 5430 484 5485 trium
504 5438 530 5482 et
548 5427 678 5482 bonorum
700 5436 757 5492 est,
781 5438 808 5483 et
828 5429 968 5483 malorum.
994 5429 1087 5486 Utrum
1101 5442 1191 5488 auum

405 5521 474 5577 strala
490 5519 623 5574 uoluntate
642 5520 681 5573 sic
693 5530 784 5588 pereat
799 5521 947 5575 innocentia
961 5563 968 5586 ,
985 5531 1012 5576 ut
1025 5522 1108 5593 possit
1121 5523 1191 5580 bona

404 5613 540 5669 voluntate
562 5609 695 5680 reparari,
715 5626 768 5665 non
789 5611 995 5685 coraterrrptibilis
1015 5614 1127 5684 quaestio
1139 5624 1189 5671 est.

404 5705 477 5757 Sicut
496 5703 567 5756 enirn
589 5699 611 5755 si
632 5700 767 5755 uoluntate
786 5713 955 5772 amputentur
973 5707 1094 5774 corporis
1108 5721 1191 5762 mem·

405 5797 461 5854 trra.
476 5809 529 5850 non
544 5794 717 5849 restituuntur
729 5793 820 5848 itidem
833 5795 984 5861 voluntate3
1001 5797 1037 5850 ita
1050 5797 1190 5854 videndum

404 5898 460 5949 est,
481 5886 553 5941 auin
568 5900 596 5940 ro
615 5884 720 5955 quidem
736 5883 876 5953 dissimili,
893 5885 918 5940 id
930 5895 989 5955 est,
1004 5888 1029 5942 in
1040 5888 1129 5944 animo
1140 5890 1192 5946 tale

437 6035 445 6065 ¹
465 6042 538 6084 intus
553 6035 629 6106 pulex
654 6043 724 6095 rost..
754 6042 776 6087 et
806 6037 931 6090 naturalis.
959 6047 1028 6092 rorte
1050 6041 1191 6105 legendum,

403 6102 463 6145 erret
474 6102 496 6145 ct
515 6100 645 6147 rutmnrtrr.

1243 4529 1325 4577 tatem
1339 4520 1407 4575 bene
1418 4519 1512 4589 agendi
1527 4521 1662 4575 voluntate
1674 4519 1788 4574 hnmana
1802 4522 1890 4591 perire
1904 4521 2031 4592 potuisse,

1243 4628 1294 4669 noc
1315 4610 1404 4668 redire
1423 4626 1518 4683 posse,
1534 4611 1584 4665 nisi
1603 4611 1691 4666 diuina
1704 4611 1855 4678 voluntate,
1869 4627 1931 4667 cum
1942 4612 2032 4668 audiar

1245 4700 1378 4757 bominem
1397 4699 1542 4765 dicentem,
1555 4699 1616 4755 Non
1627 4701 1696 4770 quod
1706 4700 1771 4769 roto,
1789 4703 1855 4773 [acio
1865 4702 1976 4768 bonam
1989 4702 2032 4759 red

1243 4791 1311 4863 quod
1328 4790 1387 4845 noio
1403 4790 1512 4858 molunt,
1536 4791 1582 4843 boc
1596 4807 1661 4862 epm·
1681 4799 1785 4862 etpost
1803 4791 1885 4847 rerba
1903 4793 1965 4848 talia
1976 4792 2031 4850 da·

1243 4892 1372 4952 mantem,
1388 4883 1451 4951 Qair
1465 4899 1504 4938 me
1521 4882 1652 4938 liberabit?
1668 4899 1700 4940 ac
1719 4884 1926 4955 subjicientem,
1946 4885 2033 4941 Gratis

1244 4975 1292 5030 bet
1306 4993 1350 5046 per
1362 4975 1450 5031 derum
1464 4973 1592 5030 Cbrirtom
1605 4974 1743 5031 Dominam
1757 4987 1871 5031 nostram
1883 4975 1973 5045 (liora.
1986 4991 2030 5032 ιιι.

1245 5067 1289 5131 ts,
1312 5066 1358 5133 bl,
1380 5064 1446 5135 asta
1462 5064 1534 5120 ‹Sed
1550 5064 1627 5130 laiso,
1643 5085 1652 5117 ι
1670 5065 1768 5135 inquis,
1795 5060 1957 5116 «diceretur
1968 5057 2035 5113 liber

1245 5157 1336 5222 bomo,
1352 5157 1374 5212 si
1394 5165 1482 5212 mutus
1500 5157 1622 5226 proprios
1640 5157 1744 5212 variare
1770 5167 1822 5207 uon
1840 5159 1966 5221 mei-t
1982 5147 2052 5214 Μ.

1245 5256 1272 5303 ιι
1285 5246 1360 5302 rides
1374 5246 1423 5316 ipsi
1436 5246 1492 5300 Dco
1505 5245 1599 5301 tollere
1611 5245 1774 5304 libertatern,
1786 5250 1814 5296 et
1826 5241 1916 5305 nobis,
1930 5239 2036 5312 quando

1244 5353 1305 5392 curu
1318 5337 1364 5391 illo
1379 5337 1405 5391 iu
1419 5350 1506 5406 regno
1515 5336 1573 5406 ojus
1583 5331 1750 5392 immortales
1759 5333 1851 5387 virere
1863 5331 2032 5403 coepet'lm

1245 5442 1294 5483 nec
1307 5434 1395 5482 motns
1409 5433 1531 5491 nostros,
1546 5442 1617 5481 nunc
1639 5422 1667 5478 in
1688 5423 1797 5486 bonum,
1811 5437 1883 5478 rtunc
1896 5423 1924 5477 in
1938 5422 2033 5476 malum

1245 5517 1323 5574 nobis
1335 5516 1386 5571 erit
1403 5516 1531 5586 possibile
1550 5519 1674 5580 sariam
1696 5521 1725 5569 et
1746 5521 1835 5568 umen
1856 5521 1923 5568 tune
1936 5508 2035 5567 ielielt!

1244 5605 1321 5662 liberi
1335 5606 1446 5672 erimus,
1462 5606 1568 5676 qnando
1582 5617 1635 5658 non
1646 5603 1793 5675 poterimus
1804 5604 1906 5660 servire
1917 5608 2034 5673 porum

1244 5698 1313 5753 sieut
1325 5711 1376 5752 nec
1391 5698 1448 5767 ipse
1462 5698 1532 5755 Deus
1543 5715 1549 5750 :
1562 5693 1609 5751 sed
1628 5709 1678 5752 nos
1691 5694 1776 5766 ipsius
1789 5696 1892 5766 qratia,
1917 5695 1965 5751 ille
1975 5703 2035 5749 roro

1244 5803 1291 5844 sua
1304 5797 1407 5843 natura.

1276 5984 1285 6015 ¹
1302 5983 1436 6032 stensele
1451 5980 1529 6042 t'ign,
1540 5977 1630 6028 redire.

1276 6047 1286 6076 ¹
1303 6045 1339 6091 sic
1349 6050 1402 6093 trs.
1417 6049 1442 6091 tn
1457 6041 1534 6152 lgm,
1549 6038 1651 6102 r'e'rpm
1852 6100 1856 6109 Ι

1278 6107 1374 6155 ¹rotte
1391 6104 1457 6154 adde
1489 6101 1582 6157 nonde
1598 6100 1976 6163 remoeoedmmdesrarner.
