4900 6892
408 700 480 762 tait
494 701 497 709 '

443 816 512 874 Aac.
521 813 548 872 Si
557 814 640 870 ileum
653 813 864 869 l‘atriarclramm
873 813 949 880 colis,
958 827 1041 884 quare
1054 827 1105 866 non
1114 811 1201 867 eredis

408 905 638 962 circumcisionem
658 905 744 960 octavi
757 904 819 970 diei,
843 919 902 974 quaa
915 912 1046 974 precepta
1061 911 1102 958 est
1116 902 1201 958 Abra·

408 995 710 1067 bsepraeiigarationern
719 992 801 1050 inisse
814 994 1063 1065 regenerationisin
1077 992 1201 1048 Cirristoi

407 1088 465 1144 linc
485 1087 557 1142 enim
582 1085 604 1141 si
632 1086 766 1153 crederes,
782 1085 885 1141 rideres
910 1101 962 1139 non
989 1084 1105 1154 potuisse
1130 1083 1202 1154 juste

406 1179 524 1235 atrimam
546 1176 647 1247 paruuli
667 1177 837 1232 exterminari
859 1175 893 1232 de
918 1175 1016 1246 pupulo
1040 1189 1103 1242 sno,
1117 1175 1139 1229 si
1158 1174 1202 1231 die

408 1286 462 1325 non
474 1270 711 1327 circumcideretur
725 1278 820 1324 oestro
833 1266 917 1343 (Gen.
937 1285 1002 1334 trn,
1014 1268 1100 1323 t2-it
1114 1265 1134 1340 l,
1150 1267 1201 1324 nisi

406 1361 485 1415 aiicrri
498 1359 590 1414 inisset
603 1359 715 1430 obligata
728 1371 837 1430 peccato
850 1359 862 1413 i
876 1358 904 1415 Si
917 1357 998 1414 ileum
1009 1359 1201 1430 Prophetarum

406 1452 483 1508 cattis.
498 1465 546 1505 cnr
558 1464 610 1504 nort
623 1448 710 1505 credis
729 1449 799 1521 quod
810 1465 856 1521 per
868 1465 914 1505 ebs
923 1451 1000 1506 toties
1012 1451 1080 1505 tiens
1092 1449 1199 1515 dixerit,

407 1541 524 1596 Reddam
539 1551 640 1611 peccata
651 1551 751 1612 potrum
772 1542 799 1594 in
819 1537 908 1614 lilios(
921 1539 1005 1595 Ecod.
1029 1554 1121 1605 xxxiv,
1135 1541 1162 1609 ’1,
1178 1548 1202 1596 et

405 1633 501 1688 lcrern
515 1649 597 1699 xxxii,
619 1633 672 1705 18)
687 1632 698 1686 i
717 1632 746 1688 si
759 1632 842 1688 ileum
865 1633 1053 1706 Apostolorum
1066 1633 1143 1698 colis,
1155 1647 1203 1687 cur

407 1741 461 1781 non
474 1724 571 1780 eredis.
587 1739 683 1795 corpus
692 1734 824 1780 mortuam
837 1735 1090 1796 propterpcccatum
1105 1721 1199 1795 (Eone.

406 1831 464 1881 rnt,
477 1814 511 1870 tu
525 1813 599 1885 )iSi
610 1815 693 1870 berem
710 1815 776 1869 colis
801 1815 826 1869 in
850 1829 904 1886 quo
934 1815 1050 1885 sperarit
1064 1824 1091 1869 ct
1113 1823 1203 1884 sperat

408 1905 527 1962 Ecclesia
549 1905 753 1976 primitivorum,
771 1919 831 1976 qua.
845 1906 995 1976 conscripta
1019 1905 1200 1970 eutecetis,

407 2012 457 2052 cnr
466 2011 519 2051 non
533 1996 620 2052 credis
633 1994 806 2067 baptizandos
819 1995 943 2066 parrulos
956 1995 1013 2050 erni
1034 1994 1067 2049 de
1081 2003 1200 2064 potesta·

363 2124 374 2145 .
408 2088 611 2144 tetenebrarum
629 2085 748 2159 (Colore.
763 2101 788 2150 r,
806 2087 839 2144 13
851 2085 873 2156 ),
889 2102 950 2142 curn
972 2101 1019 2142 eos
1031 2095 1140 2157 propter
1151 2086 1202 2142 troc

407 2176 531 2233 exsufflet
544 2187 622 2248 atquc
636 2177 769 2233 exorcizet
791 2176 919 2243 Ecclesia,
943 2186 972 2231 ut
985 2177 1018 2231 ab
1032 2178 1070 2232 eis
1083 2185 1202 2248 potestat

408 2269 579 2325 tenebrarum
604 2270 725 2349 rrrittatur
747 2246 842 2324 iuras?
857 2269 905 2326 itte
924 2284 989 2324 rero
1007 2285 1086 2340 quern
1109 2278 1200 2340 sperat

407 2361 523 2431 irrelieem
536 2361 670 2421 rationalis
681 2371 813 2428 ereatura,
828 2377 888 2432 quse
903 2363 928 2416 in
940 2362 1038 2416 sanctis
1052 2361 1110 2432 ejus
1122 2371 1164 2417 cst
1175 2371 1203 2419 ct

408 2452 553 2521 lidclibus,
580 2452 662 2524 lege¹
686 2452 783 2518 nelis,
808 2462 906 2524 pmater
933 2470 1044 2525 regnum
1073 2455 1151 2510 bonis
1176 2465 1204 2511 ct

407 2544 567 2614 supplicium
580 2544 666 2609 ruralis,
682 2560 761 2613 qncrn
776 2545 882 2598 tertium
905 2544 991 2599 lncmn
1015 2547 1204 2616 praeparaverit

407 2646 433 2690 ct
447 2635 601 2705 promiserit
614 2650 666 2689 rrnn
681 2637 842 2705 regeneratis
864 2636 1047 2692 innocentibus
1062 2637 1122 2694 tais.
1132 2639 1203 2706 Quo·

408 2724 491 2781 ruodo
502 2732 590 2780 arrtcm
605 2725 680 2791 dieis,
694 2725 826 2780 rrerninern
841 2726 999 2795 prudentem
1014 2741 1062 2797 pro
1079 2729 1200 2796 Doarino,

407 2829 489 2885 qrrem
508 2813 631 2879 enlinnrs,
647 2812 936 2884 sanguinentlunderm
957 2829 1016 2871 cum
1037 2832 1097 2872 cnm
1112 2817 1202 2874 colue-

409 2905 446 2959 rit
454 2913 482 2960 et
491 2919 538 2974 pro
550 2919 583 2958 reo
595 2902 751 2975 saraguinem
765 2903 861 2959 iuderit
873 2905 1080 2976 gloriosissimas
1092 2906 1203 2979 Cypria·

409 3008 472 3060 trus,
487 2993 531 3065 qni
542 3009 591 3049 ros
604 2994 629 3047 in
654 2992 702 3048 ista
715 2995 862 3064 questione
875 2993 987 3051 suffocat
999 3037 1007 3064 ,
1019 2997 1122 3063 dicetis,
1138 3012 1202 3068 par·

409 3085 499 3139 serlum
514 3100 546 3142 es
559 3084 643 3139 detrun
661 3086 803 3141 carnanter
821 3097 922 3154 natum,
937 3089 1086 3160 coartagimn
1109 3090 1204 3148 orariis

408 3176 526 3246 aretiqme
544 3178 629 3246 prima
651 3177 787 3232 nativitate
810 3179 967 3235 eontmbcre
981 3182 990 3252 (
1004 3179 1087 3250 Epist.
1101 3181 1146 3249 tit,
1168 3185 1203 3239 ad

411 3267 506 3323 iirlrrnr
519 3272 555 3339 pl
574 3268 689 3326 Videsne
703 3279 728 3325 te
738 3271 827 3340 patius
847 3277 921 3327 reuin
936 3274 957 3338 ²,
969 3274 1015 3344 qui
1029 3274 1199 3346 blasphemas

411 3361 491 3416 istum
514 3371 665 3416 cunctorum
681 3372 826 3434 martyrum
856 3362 961 3419 bertari
976 3364 1045 3421 ilicis
1058 3365 1102 3421 'tc
1115 3367 1204 3425 colere

410 3455 710 3524 crrrrnipotentissimum,
719 3455 912 3526 celsissimum,
924 3457 1203 3515 nriscrieordissimunr

412 3545 496 3600 Derim
512 3563 519 3600 :
535 3545 581 3599 sed
606 3545 662 3616 ipse
675 3556 716 3600 cst
741 3546 1026 3615 onrrripotcntissimus,
1053 3549 1097 3618 qni
1110 3548 1203 3619 jugum

410 3650 502 3705 grace,
516 3650 569 3704 ιμιο
590 3645 744 3705 prcrnnntur
770 3637 817 3691 mii
845 3638 930 3694 Adana
950 3655 980 3694 cx
1004 3639 1047 3696 die
1062 3640 1204 3697 natiuitatis

411 3742 478 3788 sure,
491 3726 584 3796 prucnl
598 3725 679 3781 dubio
689 3726 722 3781 ab
736 3727 776 3782 eis
798 3738 888 3797 posset
901 3729 1016 3796 arrierre,
1035 3731 1089 3787 imo
1103 3748 1135 3788 ne
1151 3733 1205 3788 ullo

413 3817 459 3871 tali
479 3816 543 3887 ingo
568 3832 674 3886 perorsos
688 3827 862 3886 gravarentur
874 3819 981 3876 elstccre
995 3838 1001 3874 :
1015 3822 1060 3876 sed
1073 3823 1132 3892 ipse
1159 3832 1204 3878 est

412 3905 593 3977 aequissimus,
607 3906 651 3975 qni
678 3907 751 3961 nulio
766 3907 846 3962 modo
859 3907 922 3964 illud
943 3909 1091 3982 imponeret
1105 3909 1133 3978 ⁸,
1155 3912 1204 3966 int-

413 3997 512 4068 ponire
528 3997 704 4067 permitteret,
716 3997 767 4052 nisi
784 4009 892 4068 peccata
917 4000 944 4054 in
957 4001 1006 4067 cis,
1027 4015 1086 4055 enrn
1109 4000 1205 4071 quibas

413 4089 468 4144 nati
483 4097 554 4152 sunt,
580 4088 719 4156 inveniret,
746 4105 858 4160 qaorum
884 4101 987 4147 reatum
1015 4096 1114 4148 remitis
1135 4094 1204 4148 idem

413 4182 471 4251 ipse
482 4180 746 4236 misericordissimus
757 4181 883 4237 solveret.
897 4182 924 4238 Si
940 4199 1002 4255 ergo
1017 4194 1042 4239 te
1060 4183 1207 4241 delectaret

412 4273 501 4329 dirim
515 4272 627 4342 institia,
640 4272 745 4328 rideres
763 4273 882 4344 proiectu
895 4275 966 4344 quud
990 4291 1023 4331 ex
1037 4277 1092 4346 ipsa
1106 4278 1204 4346 reniat,

414 4378 468 4418 non
485 4362 575 4434 atique
590 4363 715 4433 injustea
740 4365 858 4434 parvulis
872 4365 1011 4435 incipiens,
1037 4376 1099 4422 rnna
1118 4369 1205 4422 nnrrri·

414 4454 463 4509 bus
476 4454 590 4508 bantana
598 4454 774 4524 miserimque
791 4457 924 4527 peragitur
938 4457 995 4512 lraoc
1013 4457 1075 4522 rita,
1087 4473 1103 4512 a
1114 4458 1212 4527 primis

413 4546 521 4600 tletibus
538 4545 712 4611 nascentium,
737 4559 820 4616 usqne
841 4547 874 4601 ad
887 4556 1020 4602 extremos
1039 4548 1138 4605 balitus
1149 4563 1208 4605 rno-

414 4635 556 4702 rientiurn;
573 4635 670 4691 sanctis
684 4644 784 4691 tantum
798 4647 824 4691 ct
833 4636 965 4705 fidelibus,
979 4638 1025 4693 sed
1039 4639 1065 4694 in
1080 4637 1129 4694 alia
1142 4639 1211 4706 rita,¹

413 4728 539 4784 ielieitate
555 4727 684 4798 promissa
699 4727 720 4781 ⁸.

450 4820 493 4876 tt.
509 4819 569 4877 lut.
582 4820 634 4875 Pro
651 4819 702 4875 boc
713 4820 791 4892 igitur
804 4821 860 4877 ileo
878 4837 950 4888 meo,
964 4837 1042 4893 quern
1057 4823 1122 4879 mibi
1140 4840 1207 4894 qua·

415 4914 468 4970 lem
488 4911 570 4968 credo
586 4912 674 4967 omnis
696 4921 817 4967 creatura
833 4920 860 4969 ct
880 4923 970 4968 sancta
1000 4913 1135 4984 Scriptura
1160 4915 1208 4972 de·

415 5003 532 5069 nuntiat,
557 5003 656 5059 rectius
678 5001 733 5061 dixi
763 5002 876 5057 tacerem
892 5002 913 5069 ⁸,
929 5003 952 5058 si
971 5018 1020 5059 nec
1033 5003 1162 5060 librorum
1183 5015 1209 5062 te

415 5093 612 5150 concertatione
624 5092 733 5164 dignum
746 5102 877 5162 putarem.
893 5092 991 5149 ilerum
1006 5095 1132 5166 nuceriam
1142 5096 1208 5154 mibi

416 5185 584 5256 pitissinmm
595 5184 645 5238 boe
654 5199 670 5239 a
679 5185 777 5239 sanctis
787 5185 860 5252 riris,
873 5185 956 5240 nostri
965 5187 1092 5256 temporis
1103 5188 1208 5245 coales-

415 5277 532 5341 soribus,
548 5290 645 5332 munus
666 5274 817 5347 impositum
830 5287 889 5343 est,
904 5288 932 5332 ut
943 5277 1012 5333 dicta
1028 5289 1071 5335 tua
1083 5281 1146 5351 qnid
1160 5281 1207 5337 ba-

418 5369 499 5423 beant
525 5369 651 5438 partieris
673 5369 836 5439 rationisque
857 5370 1006 5437 discutiam,
1031 5381 1208 5442 opportunum

416 5457 712 5531 tuitostendereprius,
732 5476 785 5517 non
811 5478 826 5516 a
846 5470 873 5518 te
892 5463 964 5519 credi
979 5465 1005 5520 ei
1021 5466 1085 5534 ileo,
1111 5471 1155 5537 qai
1179 5468 1207 5524 in

417 5548 614 5607 Catlmiicoronr
627 5565 733 5622 semper
751 5551 870 5608 Ecclesia
884 5553 1042 5624 predicatus
1055 5566 1105 5625 est,
1128 5566 1210 5615 ctus-

450 5709 458 5740 ¹
477 5706 546 5765 editi,
558 5704 599 5759 ubi
609 5703 669 5770 ispe.
682 5707 764 5764 abest,
777 5705 826 5766 ubi,
840 5720 854 5757 a
869 5711 1044 5772 manuscriptis.

449 5771 460 5800 ¹
476 5770 513 5818 sic
524 5775 577 5817 uss
590 5775 617 5817 tt
628 5768 701 5839 editi:
716 5767 815 5820 Videre
826 5770 1007 5834 tupotiurrenr
1017 5772 1058 5822 ris.

449 5830 460 5862 ⁸
477 5834 533 5878 itar.
545 5835 599 5888 tis,
609 5828 685 5881 duas.

452 5891 553 5940 itostas
571 5899 683 5940 ceterum
702 5890 811 5940 codierrm
830 5891 937 5942 srrbsidio
952 5903 1064 5955 sanatus,
1081 5898 1169 5958 quisic
1186 5898 1211 5947 in

421 5951 495 6001 editis
506 5951 612 6013 jacebat,
623 5950 671 6001 imo
682 5963 724 6002 nec
736 5950 785 6002 alto
796 5953 867 6003 niodo
875 5952 937 6004 iliud
951 5953 1081 6019 imponeret
1091 5970 1099 6018 ;
1117 5961 1212 6009 omissis

425 6013 514 6070 rmbb,
526 6025 556 6062 ne
565 6010 614 6062 ullo
624 6011 743 6076 tolipuqo,
757 6021 804 6063 etc.

450 6074 462 6107 ⁸
479 6074 629 6136 tigmentis,
638 6072 791 6137 reprontt'sm.
804 6075 930 6128 menardus
941 6084 967 6129 et
977 6086 1038 6140 uss,
1051 6078 1177 6143 proruisset.

448 6133 460 6166 ⁸
476 6141 548 6185 mata
559 6136 626 6197 t'iqn
639 6137 844 6198 etttca.,!crcere.
878 6145 905 6188 tt.

1116 699 1217 757 trusit
1238 697 1374 758 ritibus

1981 706 2050 770 ibit

1254 826 1306 881 qne
1316 809 1435 867 adlirtcm
1448 811 1492 866 ubi
1504 813 1547 868 iila
1562 812 1641 870 luerit
1651 813 1850 886 praaicabitar.

1289 901 1355 956 Aac.
1368 900 1520 971 Egopotius
1538 919 1590 960 non
1605 915 1631 962 tc
1645 907 1803 975 ostendisse,
1827 907 1898 981 quod
1921 919 1947 965 te
1960 921 2051 969 osten·

1253 989 1326 1045 disse
1349 990 1433 1057 dieis,
1459 993 1581 1062 ostendi3
1595 1004 1623 1051 et
1643 997 1668 1052 ci
1687 1014 1730 1054 me
1752 998 1807 1054 beo
1828 999 1950 1068 credere,
1976 1001 2052 1073 quia

1253 1079 1451 1136 Catlrolicornm
1474 1085 1707 1154 semperEeclesia
1724 1091 1881 1160 praedicatus
1894 1101 1945 1159 est,
1966 1096 1989 1149 ti
2009 1093 2051 1151 ni·

1254 1173 1337 1227 nrirrnr
1352 1189 1439 1229 cecus
1453 1191 1505 1230 non
1520 1179 1567 1243 sis,
1583 1178 1690 1235 edocui.

1289 1263 1342 1318 tii.
1353 1263 1413 1320 lue.
1436 1265 1511 1322 Nune
1525 1283 1589 1323 vero
1603 1281 1800 1341 consequenter
1815 1273 1971 1344 inspiciam,
1988 1277 2049 1349 qui·

1254 1354 1304 1410 bus
1312 1354 1372 1420 boe,
1383 1357 1452 1426 qnod
1466 1369 1599 1428 expugnat
1608 1359 1675 1416 tides
1687 1362 1801 1431 piormn,
1811 1365 1969 1421 testimoniis
1976 1365 2051 1422 atir-

1254 1461 1327 1502 nene
1349 1449 1463 1504 coneris.
1474 1444 1526 1505 Sed
1537 1451 1663 1521 quoniam
1673 1453 1774 1509 institui
1785 1454 1853 1510 libro
1864 1464 1908 1511 tuo
1921 1456 2050 1524 securrlo,

1253 1551 1332 1606 quern
1340 1538 1449 1609 Alypius
1456 1538 1561 1608 detulit,
1568 1541 1686 1607 ebriare,
1697 1543 1942 1601 rrcconlanderetur
1950 1547 2049 1623 rescri-

1255 1627 1292 1694 pti
1307 1627 1390 1681 series
1406 1629 1426 1694 ¹,
1439 1629 1531 1700 paucis
1542 1629 1638 1699 adbuc,
1654 1632 1813 1703 usquedum
1829 1635 1861 1689 ad
1871 1636 2050 1706 testimonium

1254 1714 1387 1785 Apostoli,
1402 1733 1455 1788 qno
1478 1718 1619 1790 plurimum
1646 1721 1692 1776 tibi
1708 1722 1805 1779 rideris
1831 1725 1938 1791 rnurriri,
1959 1741 2049 1782 sermo

1254 1807 1403 1887 perueniat,
1419 1809 1634 1879 respondendum
1648 1819 1699 1867 est.
1723 1811 1775 1867 iliis
1796 1829 1869 1884 ergo,
1883 1830 1943 1884 quae
1962 1829 2043 1886 snpra

1254 1898 1342 1966 posui,
1358 1895 1446 1955 serbis
1461 1900 1512 1955 tuis
1531 1900 1588 1956 btcc
1604 1917 1663 1972 qnae
1675 1913 1821 1973 sequuntur
1843 1904 1980 1976 adjungis:
1997 1906 2050 1973 riq

1253 1986 1295 2042 lais
1308 1988 1396 2060 itaque
1420 2005 1479 2060 quae
1495 1992 1679 2063 praetermisit,
1699 1991 1751 2049 boc
1768 1995 1863 2061 timuit,
1878 1996 1939 2067 qnia
1953 2005 2050 2054 coacta

1254 2077 1381 2134 Ecclesiae
1388 2080 1525 2136 catholicae
1544 2092 1650 2152 pectora
1662 2086 1799 2152 convenit,
1812 2085 1948 2159 sideraque
1962 2088 2047 2160 ipsam

1252 2169 1397 2240 antiquitus
1419 2171 1542 2226 traditam
1566 2182 1645 2242 atque
1673 2173 1818 2244 laudatam,
1843 2177 1914 2232 clara
1933 2178 2048 2249 quadarn

1254 2259 1333 2315 modo
1348 2277 1413 2317 roce
1425 2265 1582 2335 compellat,
1601 2276 1628 2321 et
1642 2265 1771 2322 aduersus
1786 2269 2047 2332 eosrebernenttssi·

1254 2367 1297 2405 me
1310 2364 1447 2420 permovet
1461 2355 1531 2426 qaod
1558 2355 1685 2423 diximus,
1708 2359 1769 2428 qnia
1784 2360 1849 2416 nibil
1872 2363 2049 2433 peecatietts

1255 2442 1280 2497 in
1297 2444 1413 2513 parvulis
1425 2445 1525 2513 dicunt,
1536 2447 1607 2516 quod
1618 2448 1723 2503 laraero
1733 2451 1943 2521 regenerationis
1951 2453 2049 2509 ablua-

1256 2541 1307 2587 tnr.
1322 2534 1500 2590 Orrrrrcsenim
1511 2537 1543 2590 ad
1558 2537 1705 2594 Ecclesiam
1720 2555 1771 2597 noa
1784 2551 1892 2612 propter
1903 2542 1974 2599 alind
1983 2559 2047 2609 curn

1256 2625 1372 2693 parvulis
1397 2634 1516 2692 currunt,
1546 2627 1597 2682 nisi
1611 2638 1640 2684 nt
1661 2630 1687 2686 in
1702 2631 1741 2689 eis
1763 2632 1890 2704 originale
1910 2645 2048 2706 mutat

1253 2715 1424 2783 generatione
1448 2716 1541 2786 primae
1563 2719 1707 2778 rtatiu'tatis
1734 2730 1895 2790 attractum,
1909 2739 2049 2801 regenera-

1255 2803 1326 2858 tione
1345 2805 1469 2860 secundce
1482 2809 1628 2871 nativitatis
1640 2811 1772 2880 expietur.
1793 2813 1892 2871 Deinde
1904 2814 1938 2870 ad
1957 2825 2049 2874 nostra
2133 2860 2138 2870 .

1253 2894 1390 2963 superiora
1404 2896 1483 2952 rerba
1506 2899 1657 2966 revertitur,
1683 2916 1742 2971 qna
1753 2902 1846 2958 nescio
1858 2919 1906 2958 cur
1918 2914 2040 2975 repetat:

1253 2985 1308 3040 Eos
1319 2988 1460 3059 autemqgri
1479 2987 1513 3043 de
1528 2990 1573 3044 tali
1600 2992 1791 3048 commistione
1814 3003 1969 3062 nascuntur,
1983 2995 2049 3053 dici·

1254 3093 1314 3132 mus
1326 3077 1431 3140 traicere
1442 3079 1570 3149 originale
1590 3092 1726 3152 peccatum
1740 3095 1749 3150 ;
1763 3098 1872 3156 eosque,
1883 3085 1917 3141 de
1930 3087 2050 3156 noenu,

1254 3166 1303 3222 bas
1316 3169 1552 3242 qualibuscumque
1571 3183 1724 3240 nascantur,
1743 3190 1796 3230 aon
1816 3191 1945 3247 negaram
1958 3177 2051 3245 adbuc

1254 3271 1314 3312 esse
1337 3257 1388 3312 sub
1404 3257 1520 3325 diabolo,
1544 3259 1596 3314 nisi
1616 3271 1790 3318 renascantur
1809 3265 1836 3319 in
1854 3265 1970 3321 Christo.
1985 3266 2050 3329 ttae

1255 3351 1335 3404 rerba
1349 3358 1478 3416 nostraet
1498 3351 1768 3421 pauloantedisernt.
1789 3354 1889 3412 Deinde
1910 3356 2054 3429 subiunxit

1255 3440 1326 3510 quod
1340 3441 1373 3496 de
1387 3440 1493 3497 Christo
1507 3442 1634 3512 diximus,
1644 3445 1695 3514 Qui
1705 3446 1739 3501 de
1751 3447 1843 3504 endem
1854 3464 1933 3509 sexus
1942 3452 2045 3509 atrius·

1255 3545 1307 3600 que
1317 3533 1505 3588 commixtione
1518 3534 1590 3590 nasci
1605 3535 1699 3590 nnlrrit.
1709 3536 1762 3593 Sed
1783 3538 1862 3592 etiarn
1878 3539 1921 3594 bic
1936 3550 2048 3610 plraeter.-

1256 3618 1328 3679 misit
1340 3620 1409 3691 qnod
1432 3636 1481 3690 cgo
1499 3622 1592 3692 posui:
1606 3622 1638 3678 Ut
1652 3640 1699 3693 per
1718 3625 1902 3695 ejusgratiarn
1921 3629 1990 3683 eruti
2013 3629 2051 3691 de

1257 3721 1386 3783 potestate
1396 3715 1574 3778 tenebrarum,
1587 3714 1614 3770 in
1632 3731 1743 3786 regnum
1754 3717 1834 3782 illins,
1844 3719 1892 3789 qni
1909 3719 2047 3778 decadem

1255 3817 1336 3859 serus
1351 3803 1487 3875 utrimque
1500 3806 1689 3862 eomntixtione
1701 3808 1874 3876 naseinuinii,
1890 3808 2052 3869 transieran-

1257 3902 1308 3947 tar.
1321 3893 1398 3961 lide,
1412 3895 1525 3949 obsecro
1536 3903 1571 3963 te,
1592 3912 1651 3967 qum
1666 3907 1756 3952 nostra
1777 3900 1857 3960 rerba
1871 3900 1971 3966 rimrit,
1987 3911 2045 3957 tan·

1255 4000 1335 4055 quarn
1347 3985 1585 4043 inimicusnmniao
1599 3989 1689 4057 gratim
1704 3990 1761 4056 ilci,
1782 4007 1842 4061 qme
1862 3993 1932 4049 renit
1943 4009 1991 4063 per
2002 3991 2048 4049 ie·

1257 4091 1315 4131 snm
1329 4076 1464 4130 Christum
1486 4076 1625 4136 borninum
1648 4090 1778 4134 nostrum.
1802 4079 1859 4138 Scit
1871 4083 1942 4137 enim
1956 4083 1991 4138 ab
2003 4083 2048 4139 iiia

1258 4167 1376 4236 Apostoli
1396 4169 1540 4233 seruientia,
1564 4185 1614 4238 qna
1628 4169 1693 4224 dixit
1713 4171 1747 4226 tic
1762 4173 1815 4227 [leo
1829 4173 1918 4240 Patre,
1940 4175 1989 4242 Qttt'
2004 4191 2050 4231 ttat

1257 4259 1321 4312 cruit
1344 4258 1375 4313 de
1395 4269 1518 4328 potestate
1539 4261 1715 4328 tenebrarum,
1730 4274 1753 4317 et
1766 4265 1891 4319 transulit
1905 4267 1931 4320 in
1945 4282 2051 4336 reprcunt

1258 4348 1322 4407 Filii
1350 4350 1480 4406 ebantntis
1501 4350 1571 4420 tue(
1583 4348 1681 4405 Colore.
1702 4367 1726 4417 ι,
1756 4354 1837 4424 15);
1853 4354 2049 4424 improbissima

1257 4447 1285 4494 ct
1301 4439 1457 4508 impiissime
1473 4440 1618 4509 'parrulos
1636 4441 1753 4510 separari
1768 4442 1847 4499 :ideo
1859 4445 1949 4514 procul
1968 4444 2053 4509 dubio

1257 4530 1392 4585 rerbaista
1398 4531 1685 4605 pretermittereqnanr
1697 4547 1796 4602 ponere
1806 4535 1898 4588 rnainit
1910 4553 1919 4588 r
1930 4534 1980 4609 (ile
1990 4534 2050 4593 Ns.-

1259 4622 1318 4692 ptiir
1339 4631 1363 4676 et
1389 4622 1608 4693 Concupiscentia,
1624 4623 1667 4677 lib.
1683 4623 1711 4690 i,
1725 4640 1769 4678 nn.
1784 4625 1812 4690 i,
1826 4625 1865 4695 5).
1888 4625 1978 4696 Egone
1991 4641 2052 4691 snrn
2149 4663 2151 4665 -

1259 4711 1382 4766 inimicus
1398 4713 1491 4782 gratiae
1504 4712 1561 4777 Dei,
1578 4712 1658 4767 bonta
1673 4714 1792 4768 omnium
1807 4715 2048 4785 impudentissime,

1258 4801 1303 4870 qai
1328 4801 1353 4856 in
1370 4803 1454 4870 primo
1479 4801 1548 4857 libro
1562 4818 1633 4871 nreo,
1646 4802 1716 4857 unde
1729 4813 1757 4859 tu
1769 4803 1818 4860 ista
1832 4819 1846 4857 a
1859 4814 1985 4861 contextu
2001 4822 2051 4863 sno

1259 4896 1349 4951 atuisa
1364 4898 1484 4969 rapuisti,
1498 4898 1632 4969 utaliquid
1654 4900 1712 4954 sine
1724 4901 1825 4961 ratione
1848 4901 1974 4972 garrires,
1986 4915 2050 4977 pro·

1260 4987 1375 5044 sessione
1386 5005 1451 5059 pura
1466 4998 1494 5044 et
1517 4991 1592 5059 plena
1609 5005 1640 5045 οε
1655 5001 1728 5049 tuum
1743 4992 1878 5064 mysteriis
1892 4991 2051 5051 itaaieiaro·

1260 5097 1320 5136 rum
1334 5081 1444 5136 madens
1458 5089 1615 5153 tuorumque
1628 5083 1773 5140 damnari?

1295 5175 1363 5228 Auo.
1375 5171 1508 5243 Numquid
1518 5182 1547 5228 at
1561 5173 1659 5233 babeas
1669 5191 1775 5232 cansam
1788 5178 1885 5233 bonam
1896 5177 2051 5234 convician-

1260 5261 1296 5317 do
1310 5261 1426 5317 iacturns
1438 5263 1488 5317 esi
1502 5261 1547 5317 llic
1559 5279 1673 5334 quorum
1686 5281 1806 5321 meorum
1820 5281 1861 5332 os,
1874 5266 1944 5321 sicat
1957 5281 2047 5322 mctnn

1261 5353 1401 5407 damnasse
1415 5362 1440 5407 te
1457 5353 1541 5423 jactas
1553 5355 1574 5408 ⁸.
1601 5355 1723 5411 Dicturus
1747 5371 1799 5423 es,
1825 5357 2051 5426 Marricbcornm3
2113 5424 2117 5431 ⁸

1262 5443 1308 5498 sed
1320 5452 1347 5498 ut
1356 5443 1510 5508 rrraledicus,
1526 5460 1579 5500 non
1595 5455 1622 5500 ut
1634 5447 1778 5503 veridicus.
1799 5448 1858 5521 Ego
1870 5449 1941 5505 enim
1957 5458 1984 5505 et
1996 5449 2052 5505 ila·

1263 5534 1379 5591 raieissos
1392 5533 1519 5600 detestor,
1537 5544 1565 5591 ct
1586 5535 1722 5605 adjutores
1731 5553 1836 5606 eerurn,
1850 5539 1985 5610 inquibus
1999 5554 2046 5610 ap

1264 5623 1352 5696 petis⁸
1368 5625 1556 5694 principatum,
1572 5635 1600 5681 et
1625 5636 1750 5698 utrosque
1762 5630 1904 5699 adiurante
1913 5645 1945 5684 ac
1957 5627 2052 5682 snbre-

1295 5718 1304 5749 ¹
1321 5717 1388 5775 editi,
1408 5729 1438 5767 ne
1458 5717 1618 5770 commeate
1633 5718 1756 5784 rescriptis
1771 5720 1866 5771 teritos.
1883 5726 1911 5770 tt
1930 5724 1983 5768 uss.
1996 5725 2052 5770 uar-r

1264 5784 1325 5828 rort.
1339 5786 1365 5827 et
1375 5777 1446 5837 clar,
1457 5791 1489 5828 ne
1499 5778 1684 5841 suspenderetur
1693 5781 1806 5846 rescripti
1824 5778 1907 5831 series.

1295 5841 1306 5871 ¹
1321 5839 1394 5912 spiri,
1406 5838 1615 5910 eqtrrrpariaatrnc.
1626 5849 1653 5893 at
1663 5850 1728 5904 uss,
1740 5850 1767 5894 ιιι
1786 5845 1811 5892 in
1822 5842 1930 5891 secundo
1941 5838 2003 5891 libro
2012 5839 2052 5891 ds.

1263 5906 1519 5993 btrpumtmprtstame.

1323 5962 1360 6010 sic
1378 5968 1431 6010 ttss.
1451 5969 1513 6012 rort.
1526 5971 1553 6013 ct
1570 5969 1624 6012 itas.
1636 5978 1643 6026 ;
1655 5965 1889 6027 signierlasantcm:
1904 5961 2055 6034 »ispum

1264 6034 1370 6073 nrcmmn
1376 6035 1412 6080 os,
1429 6036 1553 6086 meroreque
1565 6023 1676 6083 dorma,
1689 6024 1750 6074 sicut
1761 6025 1887 6074 dmrmntte
1895 6029 1918 6075 te
1937 6030 2023 6081 racu-

1297 6085 1307 6114 ι
1324 6089 1508 6134 mousson.
1521 6084 1755 6149 erumperetur.
1768 6086 1851 6136 cerm
1869 6084 1908 6137 alti
1927 6083 2052 6158 bbrtmps

1265 6143 1325 6206 petis
1338 6155 1346 6195 .·
1357 6144 1390 6195 de
1401 6144 1492 6199 tntbrro
1502 6146 1601 6198 dietum.
