4900 6892
401 639 469 696 1119

401 754 467 827 quod
490 753 551 824 quia
564 754 628 810 sires
642 762 740 811 onturor
751 766 801 809 non
815 753 1039 826 trotornsonprrt
1048 770 1147 809 ncccme
1156 763 1192 807 est

402 843 446 896 per
460 830 549 897 orutite
560 827 713 894 torpitotem.

437 899 463 951 5.
483 895 625 951 Crelestius
640 897 759 966 mtjuogit
781 905 808 950 et
818 895 901 950 dicit:
918 893 1132 950 inremissionem
1146 910 1193 947 ort·

402 978 451 1020 tem
466 978 624 1036 peccatorum
640 965 805 1036 baptizandos
817 967 927 1037 itrsnntes
946 982 996 1019 nou
1009 966 1104 1019 idcirco
1123 965 1192 1019 dici·

403 1054 468 1102 unts,
483 1044 511 1089 at
524 1049 654 1106 peccatum
673 1053 706 1091 ea
725 1036 828 1091 traduce
847 1038 950 1105 prnmre
962 1036 1091 1089 uideamur
1102 1051 1112 1088 .·
1125 1035 1194 1104 quod

402 1107 475 1177 lonpe
485 1122 500 1157 a
510 1105 635 1159 catartico
650 1123 724 1161 sensu
738 1108 848 1162 alienum
860 1115 906 1161 cst.
923 1105 990 1172 Quin
1000 1116 1129 1176 peceatum
1143 1121 1194 1159 non

401 1194 458 1229 cunr
481 1176 582 1230 boariae
605 1177 725 1242 nuscitur,
740 1177 808 1247 quod
830 1177 988 1241 postmodum
1012 1185 1140 1231 exercetur
1162 1176 1194 1229 ab

402 1247 503 1301 troaden
513 1262 523 1300 .·
534 1248 594 1316 qrtio
608 1265 657 1300 non
671 1258 771 1301 notrum
791 1247 921 1306 delictum.
936 1247 979 1301 scd
994 1247 1128 1300 oolnruotis
1141 1261 1194 1300 erse

403 1326 566 1370 inonstrntur.
578 1317 611 1372 Et
624 1317 690 1372 illud
700 1334 759 1388 erpo
769 1319 882 1378 corrdteri
895 1333 1085 1388 coopertoque
1096 1316 1195 1370 diuerso

402 1386 567 1456 iioptisuudis
577 1404 668 1459 penem
682 1392 765 1459 [acere
776 1388 923 1451 rideantur:
943 1396 968 1442 et
980 1387 1028 1440 lroc
1042 1386 1195 1456 praemature

403 1459 570 1511 successorium
583 1467 628 1519 ert,
646 1475 677 1511 ne
690 1475 734 1528 per
753 1459 864 1529 mosterii
885 1458 1052 1521 occasionem,
1066 1457 1099 1510 od
1118 1454 1195 1511 Creo·

403 1530 465 1582 toria
479 1527 600 1598 injurium
621 1530 724 1590 rrmlam,
743 1539 878 1598 antequem
898 1528 943 1594 fiat
956 1528 987 1581 ab
1000 1527 1110 1588 bomine,
1127 1527 1194 1580 tradi

356 1640 357 1644 a
402 1598 503 1651 clicatur
517 1599 613 1651 leontini
627 1607 875 1668 praeostensione.
896 1598 948 1654 sed
965 1598 1076 1653 multum
1091 1597 1196 1652 miseri·-

403 1683 465 1723 cors
484 1677 638 1724 memorate
663 1668 672 1734 l
680 1669 823 1740 Rtrnranre)
850 1667 927 1724 Sedis
951 1669 1063 1722 antistes
1073 1665 1122 1738 (ol,
1148 1666 1194 1722 ubi

404 1754 465 1792 curm
481 1738 546 1793 uidit
561 1738 623 1794 lerri
640 1747 712 1793 tanta
729 1738 935 1807 praesumptione
949 1738 1120 1807 precipitem,
1137 1745 1196 1791 tan-

404 1823 482 1878 quam
505 1809 647 1875 torrentem,
662 1808 748 1864 durnec
769 1809 792 1865 si
812 1810 870 1863 lieri
893 1817 993 1878 posset.
1014 1806 1194 1876 resipisceret,

405 1878 498 1933 rutaluit
519 1895 579 1934 etun
602 1879 703 1934 sensim
725 1879 781 1934 sois
805 1878 1055 1949 interrogationibus
1076 1886 1104 1932 et
1126 1877 1196 1932 illins

405 1949 624 2017 responsionibus
650 1951 711 2004 colli
729 1965 796 2015 are,
822 1964 901 2020 quarm
930 1946 1050 2002 districta
1076 1945 1197 2002 lenienda

406 2019 538 2073 sententia
561 2021 587 2073 in
609 2018 672 2074 illaad
698 1965 854 2086 abrttotmn,
877 2033 930 2089 quo
953 2019 1007 2088 jam
1030 2016 1198 2086 propendere

407 2088 560 2153 ridebatur,
583 2090 729 2158 impellere.
751 2088 813 2143 ideo
834 2099 922 2143 animm
944 2104 998 2143 noa
1018 2088 1072 2142 dixi
1094 2097 1196 2158 aperte,

406 2158 561 2222 cecidernt;
588 2159 652 2220 sed,
685 2160 850 2227 propendere
875 2159 1037 2221 ridebatur;
1062 2158 1123 2229 quia
1149 2171 1196 2211 su·

406 2230 537 2298 priumie
556 2228 650 2284 codem
672 2229 760 2286 libello
782 2245 830 2284 suo
849 2228 883 2284 de
897 2227 1048 2298 trojosmodt
1070 2229 1196 2296 quastio-

407 2298 485 2352 uilms
500 2299 712 2354 tanumeros
734 2299 915 2367 predixerat:
938 2299 968 2354 Si
982 2303 1046 2369 sorte
1064 2307 1093 2351 ιιι
1113 2298 1197 2351 bortri-

407 2369 479 2422 uibus
487 2371 612 2440 quispiam
624 2371 774 2441 iqrrorautior
780 2385 851 2438 error
859 2369 976 2440 obrepsit,
986 2378 1067 2422 oestro
1076 2369 1198 2422 sentcruio

408 2440 560 2511 certioretur.

595 2531 705 2588 desisti
724 2531 826 2588 PalPAE
845 2526 1009 2589 EPlSTOLtl

482 2638 516 2676 ao
529 2638 674 2678 aratcasos
688 2637 825 2679 eromenes
839 2637 970 2679 nactust
984 2638 1125 2679 coeuesrrr.

408 2711 537 2776 tassonis,
555 2714 677 2768 bonetto
690 2722 718 2769 et
729 2713 861 2768 renirersis
873 2713 1007 2783 episcopis
1022 2728 1069 2783 per
1082 2713 1200 2769 Africam

443 2782 605 2908 lcquueqntitutis,
621 2783 803 2840 dileetissimis
821 2783 959 2849 iratribus,
980 2783 1006 2838 in
1029 2784 1141 2841 Dotuiuo
1156 2799 1199 2841 sa·

445 2944 470 2995 l.
491 2941 613 3010 ungooor
641 2942 745 3011 pondus
765 2943 895 2997 exaratiuis
917 2957 1011 3013 magua
1033 2943 1196 3011 desiderant,

410 3021 440 3066 ut
461 3027 514 3066 uon
534 3010 568 3065 sit
590 3011 670 3067 rebus
688 3012 825 3082 ipsisque
846 3021 985 3082 tenuntur,
999 3013 1109 3068 interior
1132 3015 1198 3070 libra

407 3082 510 3151 judicii.
532 3081 578 3137 llis
595 3081 698 3137 accedit
717 3083 868 3151 apostoliens
890 3082 968 3138 Sedis
987 3086 1140 3148 auctoritas,
1156 3086 1199 3140 cui

411 3154 436 3204 iu
458 3152 586 3207 honorem
608 3152 754 3208 beatissimi
776 3153 846 3208 Petri
867 3151 974 3207 Patrum
992 3152 1100 3210 decreta
1117 3170 1199 3224 pecu·

411 3222 502 3277 liarem
531 3223 673 3293 quamdam
705 3237 819 3278 sanxere
849 3224 1036 3278 reverentiam.
1064 3223 1199 3282 Orandum

411 3293 500 3362 igitur,
523 3302 551 3348 et
574 3295 738 3348 incessanter
758 3292 899 3355 orarrdum.
922 3303 950 3347 ιιι
969 3294 1093 3349 caudinus
1114 3297 1199 3365 qratia

410 3363 574 3433 perennique
597 3363 731 3433 adjutorio
752 3363 817 3428 bei,
836 3379 869 3420 ex
892 3362 943 3418 hoc
966 3364 1038 3420 litate
1062 3365 1088 3420 in
1115 3374 1199 3421 totum

411 3432 501 3488 orrlrem
527 3449 576 3503 pax
601 3433 662 3488 lidei
683 3444 712 3489 et
732 3433 871 3490 ertlrolicse
891 3434 1028 3490 societatis
1047 3436 1128 3490 nullis
1147 3450 1198 3491 nu·

411 3502 488 3558 lribns
512 3504 684 3560 interfuscata
707 3503 828 3559 miratur
849 3521 856 3558 r
880 3504 997 3560 ebaritas
1018 3506 1105 3571 etaim,
1128 3522 1197 3577 qun,

410 3574 479 3629 sicut
501 3576 628 3645 scriptum
650 3583 701 3639 est,
724 3575 793 3630 Deus
813 3585 855 3630 est
877 3574 902 3649 (l
923 3573 1002 3629 loon.
1017 3591 1053 3640 rr,
1076 3575 1116 3647 8),
1137 3592 1199 3647 per·

412 3644 478 3699 lecta
493 3645 661 3713 plenitudinis
674 3645 835 3700 abundantia
848 3646 1006 3715 qrsrtulatur,
1015 3661 1086 3707 curn.
1099 3648 1121 3705 si
1135 3646 1200 3718 quid

411 3715 570 3783 suspicionis
585 3716 718 3778 lrnbuerit,
729 3717 771 3771 rel
787 3715 846 3770 lldei
863 3716 1010 3772 intentione
1022 3717 1145 3780 sollicita,
1156 3717 1199 3772 rel

413 3785 438 3839 in
463 3786 570 3867 longum
595 3787 922 3856 productacoutentioue,
944 3795 991 3842 aut
1012 3786 1201 3845 emendatione

411 3870 481 3909 eoru
502 3866 562 3909 rtur.

446 3925 474 3976 a.
483 3871 632 3979 {celestius
648 3926 788 3996 presbyter
801 3933 895 3981 nostro
907 3941 937 3980 se
950 3927 1060 3996 ingessit
1071 3928 1196 3992 examini,

414 4003 546 4063 espen-os
560 4009 590 4049 ea
605 4010 664 4065 quae
682 3995 716 4049 de
736 4010 765 4050 se
783 3997 935 4066 apostolieae
949 3997 1010 4051 Sedi
1028 3996 1108 4052 aliter
1119 4013 1199 4068 quam

411 4065 529 4132 oportuit
549 4073 638 4120 essent
661 4064 804 4129 incedente,
828 4067 946 4136 pnrgari.
970 4066 1004 4121 Et
1027 4067 1089 4121 licet
1110 4069 1200 4124 multat

412 4136 600 4203 ‹cerrpatloncs
613 4135 758 4206 majoribus
770 4137 885 4191 viriculis
899 4137 1139 4193 ecclesiasticorum
1154 4155 1201 4195 ne·

412 4205 545 4273 potiorum
560 4221 651 4260 euram
666 4216 783 4262 nostram
798 4206 1057 4277 sollicitudinemque
1069 4209 1200 4265 distralte·

312 4314 315 4321 ,
413 4285 493 4330 rent:
510 4285 597 4331 taurea
611 4293 645 4332 ne
662 4276 862 4332 Ριιιιιιιιίιιιιίιι
879 4288 973 4333 restrte
990 4278 1024 4333 de
1036 4279 1149 4334 adveatu
1168 4296 1200 4335 ac

413 4347 578 4402 discussione
603 4347 720 4417 predicti
748 4347 846 4404 diutius
871 4348 999 4416 penderet
1024 4351 1198 4418 exspectatio,

415 4416 571 4483 posthabitis
594 4419 730 4482 onrrrilms,
755 4418 798 4473 die
814 4417 980 4489 Kcogruitionis
1001 4418 1151 4474 resedimus
1172 4421 1199 4476 in

413 4487 497 4542 sarorcti
509 4488 653 4543 (dementis
671 4489 777 4542 basilica
801 4489 910 4559 (quiippe
929 4490 974 4559 qui
993 4489 1110 4544 imbutus
1130 4491 1200 4547 beati

415 4557 484 4612 l‘etri
514 4560 627 4628 apostoli
657 4558 806 4629 disciplinis
837 4559 882 4612 tali
912 4559 1065 4626 magisterio
1095 4568 1200 4616 ueteres

413 4627 583 4683 ernendasset
603 4644 718 4694 errores.
735 4637 875 4698 tantosque
898 4629 1032 4696 proiectus
1053 4630 1199 4697 habuisset,

414 4707 443 4753 ut
452 4697 541 4760 tidem.
556 4714 635 4767 quam
649 4699 777 4753 didicerat
789 4707 815 4753 et
828 4699 966 4761 docuerat,
979 4698 1058 4753 etiam
1072 4701 1201 4772 martyrio

412 4768 608 4840 oortsccraret),
635 4770 736 4824 scilicet
756 4777 787 4824 ut
808 4768 841 4822 ad
864 4767 1024 4824 salutiferam
1048 4771 1200 4839 castigatio·

415 4854 492 4903 uem,
509 4841 572 4893 uati
594 4841 741 4895 sacerdotis
754 4839 897 4894 auctoritas
918 4840 1043 4907 presenti
1056 4841 1200 4911 cognitioni

413 4917 484 4963 esset
497 4925 573 4965 exem
604 4927 630 4962 o.

449 4979 476 5033 ὅ.
496 4910 697 5049 Οιηιιίξιιςίιιιι,
712 4995 771 5048 quae
793 4981 867 5050 prius
885 4980 989 5035 lucrant
1001 4988 1058 5035 acta
1073 4980 1200 5036 discussi·

414 5062 484 5113 naurs,
499 5048 565 5102 sicut
580 5048 720 5103 Gesturrun
742 5050 803 5104 lutrio
816 5052 936 5119 epistole
950 5050 1142 5106 curbarentium
1163 5052 1203 5105 in·

413 5119 559 5173 structione
569 5118 686 5173 discetis.
697 5118 851 5173 latroruisso
861 5121 997 5187 celestio,
1004 5121 1121 5177 libellum
1131 5122 1200 5192 ejas,

413 5204 492 5255 «quent
514 5188 633 5255 dederat,
653 5190 762 5245 lecimus
783 5191 889 5245 recreet
904 5209 910 5244 ι
925 5206 975 5245 occ
998 5190 1049 5246 lroc
1071 5193 1200 5259 conteuti,

414 5269 501 5314 utrum
516 5259 641 5330 bneque
658 5261 819 5330 scripsisset,
832 5261 913 5316 eorde
928 5261 1091 5330 loqueretur,
1105 5277 1139 5316 an
1160 5263 1202 5317 la·

415 5330 481 5394 tuis,
504 5345 687 5400 sepertttturro
712 5333 923 5399 euquorarituus;
945 5346 1006 5386 tunt
1030 5331 1063 5386 de
1091 5333 1203 5388 occultis

413 5400 562 5454 :intirmorum
575 5403 658 5458 solius
674 5401 718 5457 llel
735 5402 820 5457 nostri
837 5402 920 5470 possit
933 5416 992 5457 csse
1002 5401 1142 5472 judicium.
1158 5405 1202 5458 cui

414 5485 466 5524 ιιιιιι
481 5479 582 5524 tantum
595 5474 719 5541 cogitata,
734 5473 781 5527 sed
794 5472 934 5543 cogitanda
947 5473 1002 5540 jaun
1018 5483 1116 5540 presto
1130 5482 1200 5527 surrt.

413 5539 481 5608 Qrtid
500 5555 579 5596 voees
593 5542 651 5611 eiras
663 5542 826 5607 corrt'ereaut,
840 5543 1056 5613 corrupeudiosios
1076 5542 1203 5598 duximus

413 5628 427 5664 a
452 5610 598 5666 Sanctitate
627 5621 713 5665 restra
737 5614 848 5682 legendo
869 5613 1004 5681 eogrtrrsci.
1029 5612 1115 5668 Unum
1138 5629 1203 5669 sane

415 5692 503 5735 irroret
518 5696 575 5745 nris,
593 5690 621 5735 ut
633 5696 693 5734 cum
708 5682 734 5734 io
750 5684 873 5750 praesenti
888 5684 923 5739 ibi
936 5683 1090 5739 Coelestiutn
1104 5683 1204 5739 lrabue·

415 5754 482 5815 citis,
497 5751 560 5807 rtiltil
577 5751 678 5822 liquide
690 5751 837 5818 iudicatum
857 5755 901 5808 sit.
916 5753 957 5807 td
975 5754 1078 5808 litteras
1098 5754 1203 5809 llerotis

412 5836 439 5876 et
453 5823 546 5878 bacan
558 5823 638 5892 priori
653 5823 783 5878 relatione
796 5823 951 5891 destinatas,
964 5823 1088 5895 equidem
1102 5824 1137 5879 ob
1151 5823 1204 5880 ler-

447 6035 455 6066 ¹
474 6032 543 6092 aliae
557 6034 715 6088 tratermtotts.

445 6095 483 6154 (u)
497 6097 609 6148 ἳωίιιιιιι.

965 638 1165 696 arreeotcts
1184 633 1273 692 etus
1292 635 1460 696 SECUNDA.

1972 642 2044 699 fflb

1246 767 1338 808 rorem
1352 754 1411 810 ddci
1428 753 1636 824 praelestiuatum
1649 768 1719 821 esse,
1740 755 1971 828 promptlssimem
1989 770 2042 816 cst.

1245 820 1298 877 Sed
1311 839 1372 879 cum
1386 825 1420 880 de
1435 825 1477 880 bis
1498 826 1716 897 interrogaretur.
1730 829 1846 883 asseruit
1861 829 1965 883 raudom
1989 831 2041 886 sitsi

1247 892 1280 948 de
1301 895 1399 950 talibus
1418 896 1635 953 contentionibus
1649 912 1765 965 uoqtram
1788 913 1849 952 eum
1875 910 1941 955 ante
1962 901 2042 955 dictis

1246 963 1329 1020 lrtisse
1341 981 1511 1032 sermonem
1532 982 1581 1021 aec
1593 977 1656 1022 ante
1668 968 1730 1031 sibi,
1745 983 1824 1037 quam
1837 968 1871 1024 de
1884 984 1916 1025 se
1937 972 2041 1024 scribe-

1247 1043 1317 1098 reut,
1328 1037 1384 1090 risu
1396 1035 1478 1092 luisse
1489 1047 1657 1106 routpertus:
1671 1037 1800 1092 lazarium
1812 1054 1878 1094 sane
1889 1041 1917 1094 in
1928 1045 2041 1097 transitu

1247 1106 1400 1174 cognitum
1417 1107 1541 1162 llerotem
1561 1122 1634 1171 rero,
1654 1108 1735 1162 etiam
1750 1109 1935 1166 sotislactione
1956 1113 2041 1166 irater·

1247 1177 1344 1243 posita,
1360 1176 1429 1244 quod
1452 1192 1531 1232 secus
1551 1177 1585 1233 de
1606 1178 1695 1245 lqnoto
1716 1188 1745 1232 et
1763 1180 1875 1235 absente
1897 1184 2040 1243 sensi‘mt.

1246 1261 1307 1300 cum
1322 1248 1405 1316 gratia
1420 1250 1574 1303 recessisse.
1590 1247 1655 1302 Tam
1675 1247 1777 1303 cadurco
1795 1265 1827 1304 ae
1844 1252 1921 1305 nullo
1944 1252 2042 1306 trooda-

1248 1316 1320 1371 mine
1333 1318 1526 1373 criminationis
1541 1319 1647 1389 ignore,
1671 1320 1764 1388 procul
1786 1320 1867 1376 dubio
1880 1338 1898 1377 e
1912 1336 1942 1377 re
1965 1324 2041 1385 luit¹,

1248 1394 1277 1440 ιιι
1289 1387 1323 1441 de
1333 1402 1445 1457 persona
1458 1389 1561 1456 ulium,
1575 1403 1635 1459 quae
1648 1399 1702 1443 eran
1714 1401 1826 1445 ventosa
1838 1401 1865 1446 et
1879 1393 1948 1447 ieris
1960 1394 2042 1449 exsti·

1249 1465 1327 1521 terat,
1336 1468 1511 1528 quereretur,
1520 1459 1543 1513 si
1556 1459 1651 1513 saltem
1663 1459 1715 1514 illis
1730 1461 1780 1516 loci
1794 1460 1836 1516 sui
1847 1464 1917 1517 ratio
1928 1465 2041 1534 rineqm

1246 1537 1393 1595 coorstaret,
1414 1537 1442 1582 ut
1457 1529 1524 1584 tides
1545 1529 1700 1585 absentibus
1722 1532 1749 1584 in
1769 1533 1897 1587 absentes
1916 1534 2042 1589 debuerit

1247 1597 1380 1660 adbiberi,
1397 1609 1552 1669 taetrumque
1571 1599 1676 1668 pondus
1691 1601 1716 1654 in
1737 1601 1833 1657 litteris
1849 1618 1946 1657 εοιιιιιι
1958 1616 2040 1667 esset,

1249 1677 1278 1722 ut
1295 1668 1481 1725 auctoritatem
1503 1671 1646 1725 testimonii
1673 1682 1850 1728 mererentur.
1875 1674 1967 1728 Potuit
1993 1673 2042 1730 laos

1248 1738 1426 1794 inobservatis
1448 1740 1672 1806 ordinationibus,
1693 1741 1769 1806 plebe
1787 1744 1916 1813 cleroque
1934 1756 2042 1798 contra-

1248 1810 1364 1874 dicente,
1380 1808 1493 1880 ignotos,
1505 1811 1678 1893 alienigenas,
1693 1811 1762 1866 intra
1776 1812 1876 1868 Gallias
1891 1814 2042 1869 sacerdonis
2087 1817 2092 1825 '

1248 1879 1408 1942 vindicasse,
1422 1880 1519 1950 qtribus
1544 1883 1642 1950 serpsi
1670 1884 1775 1951 propria
1797 1885 1959 1940 abdicavere
1979 1901 2042 1940 serr·

1250 1950 1350 2013 tentia;
1373 1965 1491 2020 nosque,
1513 1951 1574 2007 licet
1594 1959 1623 2005 et
1642 1950 1708 2015 alla,
1730 1962 1820 2007 tamen
1843 1969 1940 2009 eorum
1961 1956 1995 2009 de
2014 1972 2043 2010 se

1249 2020 1442 2088 penitudinem
1466 2021 1550 2075 secmi
1576 2020 1733 2077 sacerdotali
1758 2038 1805 2078 eos
1830 2025 1891 2078 loco
1915 2034 1944 2079 et
1969 2027 2041 2081 onrni

1248 2092 1437 2145 conamunione
1457 2092 1649 2146 submovimus.
1670 2090 1740 2146 Satis
1754 2103 1830 2163 urget
1845 2109 1957 2149 eausam
1977 2105 2044 2150 atr-

1249 2159 1319 2214 libus
1331 2161 1493 2230 processisse
1508 2177 1556 2231 per
1568 2162 1679 2221 litteras.
1691 2162 1717 2217 in
1731 2164 1850 2218 absentis
1861 2166 1922 2229 eius
1935 2180 2043 2221 accusa

1251 2231 1361 2296 tionem,
1373 2231 1418 2300 qui
1430 2246 1460 2286 se
1474 2247 1592 2302 presens
1607 2240 1706 2298 tuetur,
1716 2234 1761 2304 qui
1772 2235 1882 2305 exponit
1897 2236 1990 2298 tideus,
1999 2237 2043 2306 qai

1249 2310 1378 2371 prouocat
1390 2311 1571 2357 accusantem.

1285 2372 1313 2425 1.
1333 2371 1472 2442 Nunquam
1490 2373 1572 2443 pipurit
1586 2372 1612 2426 in
1628 2372 1723 2428 melius
1742 2374 1883 2430 retorsisse
1904 2374 2042 2439 iodicium.

1250 2442 1413 2497 scatescens
1432 2453 1460 2498 et
1478 2443 1563 2498 sancti
1582 2443 1697 2512 Spiritus
1717 2453 1875 2507 exsecutor,
1895 2441 2056 2500 &mutitare

1250 2513 1386 2567 seniorum
1399 2512 1513 2569 falsitate
1525 2513 1676 2568 damnatam
1689 2515 1788 2570 invertit
1799 2515 1971 2571 innocentem
1983 2533 1990 2568 ι
2004 2531 2044 2573 re·

1250 2583 1381 2638 docitura
1396 2585 1533 2654 suppliciis
1546 2594 1619 2639 casta
1630 2599 1678 2653 per
1691 2600 1812 2655 quaeritura,
1846 2601 1889 2640 ue
1902 2600 1952 2655 per
1964 2602 2042 2654 gnar-

1250 2653 1341 2707 dmros
1352 2655 1593 2725 lingiturimpudiea
1604 2655 1683 2726 (dou.
1693 2652 1815 2726 nante).
1826 2600 2041 2725 §praeceperant

1251 2724 1320 2779 sicut
1330 2731 1436 2779 cautum
1449 2737 1507 2789 cst,
1523 2725 1626 2795 spiritui
1639 2725 1801 2780 eredendum
1815 2724 1836 2797 (1
1850 2725 1931 2781 loon.
1946 2741 1982 2789 ιι,
1999 2728 2042 2795 ll:

1250 2795 1299 2849 sed
1318 2793 1363 2848 diu
1377 2797 1523 2865 ¹appensius
1544 2795 1748 2850 examinandum
1770 2805 1829 2861 est,
1845 2798 1996 2865 presertim
2012 2798 2044 2852 de

1252 2866 1304 2921 lnlc
1317 2866 1441 2925 leontinis.
1458 2865 1502 2920 ubi
1513 2874 1597 2920 statos
1610 2865 1669 2934 ejus
1683 2876 1709 2920 et
1720 2867 1773 2920 rita
1787 2875 1916 2935 perpetua
1928 2876 1979 2922 est.
1993 2867 2045 2925 Nee

1251 2934 1419 2992 Salomonem
1429 2936 1553 2991 letellitiu
1562 2935 1694 3006 puerperii
1705 2935 1860 2991 rixamentis
1871 2937 1983 3007 iordago:
1994 2952 2043 2991 noa

1251 3006 1322 3061 enim
1338 3006 1439 3060 ditantis
1459 3006 1565 3060 leminis
1579 3009 1648 3061 inter
1663 3020 1693 3061 se
1705 3007 1893 3078 jurgantibus,
1911 3024 1993 3062 ιιιιιιιιι
2006 3008 2045 3077 pi·

1251 3090 1319 3146 girus
1333 3076 1449 3142 ludusit;
1465 3077 1511 3132 sed
1527 3076 1562 3130 ibi
1579 3078 1679 3132 arbiter
1692 3077 1743 3131 lide
1754 3077 1961 3132 cutrctalmudus
1973 3079 2044 3134 tore-

1252 3148 1299 3211 olt,
1315 3145 1359 3200 ubi
1374 3162 1445 3206 tene
1458 3147 1564 3216 pietatis
1576 3149 1699 3203 allectum
1714 3148 1846 3202 intellexit
1858 3147 1903 3217 (ΙΙΙ
1921 3148 1987 3219 ileo.
2001 3163 2044 3214 ru,

1254 3215 1358 3286 teas).
1385 3216 1437 3270 Per
1457 3233 1537 3287 quom
1559 3233 1648 3272 rarum
1663 3219 1707 3285 sit,
1722 3228 1751 3272 ut
1774 3218 1853 3288 leriga
1873 3229 1901 3272 et
1921 3220 2047 3289 castigata

1251 3286 1385 3342 cutrctatio
1398 3302 1451 3342 non
1459 3287 1492 3342 ad
1502 3288 1558 3343 reri
1570 3288 1658 3343 carbile
1671 3289 1815 3356 mneritas
1825 3288 1941 3358 Optimae
1953 3290 2046 3344 oneratis

1252 3358 1378 3414 indicium
1391 3366 1449 3423 est,
1463 3373 1545 3429 praua
1564 3358 1696 3414 dilbcilius
1708 3359 1838 3414 credere:
1854 3374 1914 3413 narn
1928 3360 2048 3430 plerique

1271 3443 1364 3483 trorum
1379 3428 1413 3483 dc
1431 3444 1461 3484 se
1481 3429 1557 3483 bone
1570 3429 1732 3484 contesstooi
1744 3429 1848 3500 pigrius
1859 3427 2002 3486 adbibctur
2014 3429 2046 3483 n·

1251 3447 1310 3566 des,
1332 3501 1359 3553 in
1378 3499 1448 3554 illius
1459 3499 1558 3554 erroris
1571 3499 1712 3570 abruptum
1727 3500 1889 3555 necessitate
1900 3508 2046 3570 cogentum

1251 3580 1279 3626 et
1302 3569 1498 3653 irremediabile
1519 3569 1614 3624 vulnus
1637 3570 1769 3637 edicitur,
1793 3569 1866 3641 quod
1888 3568 2046 3641 desperatur

1251 3656 1351 3696 sanan.
1898 3657 1901 3661 ·

1287 3712 1314 3768 5.
1335 3710 1411 3767 Unde
1430 3712 1456 3766 ia
1478 3711 1603 3781 presenti
1618 3725 1697 3766 causa
1712 3709 1778 3766 nibil
1810 3723 1900 3765 rarcox
1922 3710 2040 3773 imolato·

1251 3783 1534 3852 rumqueeensoimus,
1544 3783 1591 3836 sed
1605 3783 1771 3837 innotescere
1806 3780 1927 3836 ·nctitati
1940 3790 2039 3842 restra

1252 3867 1333 3922 super
1355 3852 1476 3907 absoluta
1497 3852 1617 3906 caelestii
1631 3851 1699 3918 ilde,
1714 3860 1834 3906 nostrum
1855 3865 1970 3905 examen
1985 3868 1992 3902 :
2006 3846 2041 3905 cd

1252 3925 1332 3979 etiam
1348 3925 1419 3992 prior
1433 3922 1537 3977 libellus
1558 3923 1592 3977 ab
1608 3937 1642 3977 eo
1660 3923 1730 3976 intra
1753 3919 1870 3975 Alricam
1895 3921 2043 3975 testimrmo

1251 3994 1321 4062 apud
1337 4007 1453 4049 rosesse
1467 3992 1615 4056 debuisset,
1632 4009 1666 4046 ne
1677 3989 1854 4060 inexploratis
1872 3989 1996 4060 lamaquc
2006 3990 2046 4059 ja·

1251 4064 1384 4119 ctatdibus
1398 4072 1451 4118 ιιιιι
1467 4063 1544 4117 lacile
1556 4063 1723 4118 crederetur.
1744 4062 1834 4128 Quare
1856 4062 1927 4117 intra
1950 4076 2047 4116 secum

1252 4134 1314 4188 dorm
1329 4148 1447 4190 mensem
1463 4142 1509 4187 aut
1520 4135 1643 4199 verriana,
1656 4134 1701 4203 qui
1718 4139 1876 4202 presentem
1889 4131 2045 4202 redarguant

1252 4205 1330 4260 aliter
1342 4205 1453 4270 sentire,
1468 4219 1546 4270 quam
1566 4203 1662 4258 libellis
1675 4213 1702 4259 et
1714 4202 1884 4258 consessione
1894 4201 2030 4256 mrrtexnit

1252 4282 1299 4329 aot
1310 4274 1387 4341 nibil,
1404 4282 1463 4343 post
1477 4274 1534 4329 bac
1548 4283 1601 4328 tam
1615 4284 1706 4343 aperta
1718 4282 1746 4328 et
1759 4273 1899 4327 manifesta
1912 4286 1974 4342 que
1985 4286 2039 4342 pro

1253 4346 1321 4409 tulit,
1332 4345 1405 4399 dubii
1415 4345 1547 4401 Sanctitas
1556 4355 1644 4400 restra
1650 4343 1782 4399 resedisse
1791 4351 1948 4414 cognosce.
1961 4341 2038 4412 ipsun

1252 4431 1318 4471 sanc
1330 4415 1501 4477 Coelestium,
1522 4425 1742 4485 etquoscumque
1756 4413 1800 4482 qui
1820 4428 1855 4467 eo
1875 4422 1997 4482 ternpore
2017 4420 2037 4460 a

1252 4485 1364 4542 dirersis
1377 4485 1528 4555 regionibus
1542 4485 1651 4540 aderant
1667 4484 1830 4550 sacerdotes,
1846 4482 1988 4545 adranam,
2002 4482 2035 4530 aa

1254 4555 1401 4611 tendiculas
1414 4555 1592 4624 quaestionum
1605 4564 1632 4609 et
1647 4555 1737 4625 inepta
1747 4554 1907 4618 certamina,
1921 4560 2034 4626 quaten

1253 4627 1395 4689 edidmus,
1417 4625 1464 4679 sed
1480 4627 1564 4694 magis
1588 4625 1738 4688 destruunt,
1762 4639 1796 4679 cx
1820 4623 1865 4678 illa
1885 4623 2032 4678 canosiae!

1252 4696 1409 4765 contagione
1422 4694 1562 4763 profluere,
1574 4695 1638 4751 durnx
1649 4696 1829 4766 torresquisque
1841 4695 1952 4764 iogerdo
1965 4701 2001 4750 st)
2009 4692 2033 4740 0¹

1254 4766 1440 4836 intemperanti
1453 4766 1616 4835 eloquentia,
1629 4781 1677 4821 scta
1691 4767 1823 4834 scriptura
1842 4765 1967 4819 abutitur
1978 4770 2033 4812 can

1256 4839 1282 4891 in
1298 4837 1349 4892 noc
1360 4837 1439 4891 etiam
1461 4850 1618 4906 magnorum
1638 4837 1756 4890 virorum
1769 4849 1966 4904 nonnunquam
1981 4840 2033 4883 etat

1254 4909 1319 4976 ipsis
1332 4907 1495 4970 auctoribus,
1508 4907 1606 4975 scripta
1619 4907 1799 4974 periclitentur
1810 4912 1871 4975 post
1890 4900 2031 4982 perardua

1254 4989 1404 5047 temporum
1427 4978 1524 5032 seriem
1544 4976 1742 5045 interpretantis
1755 4975 1885 5038 arbitrio,
1908 4982 1940 5028 ιιι
1959 4972 2034 5027 dtrte

1255 5049 1409 5118 praedictum
1429 5048 1474 5108 sit.
1497 5046 1537 5102 Es
1559 5046 1653 5101 multitu
1682 5048 1725 5101 oio
1743 5061 1795 5100 non
1810 5045 1888 5099 vitari
1909 5048 2032 5114 peceat·

1255 5122 1265 5190 t
1278 5118 1354 5173 Pron.
1371 5135 1398 5181 x,
1413 5117 1446 5172 19
1458 5119 1467 5184 l
1481 5135 1488 5172 ι
1502 5125 1529 5172 et
1542 5064 1751 5173 sooctusubmtd
1768 5116 1916 5185 postularet
1937 5115 2033 5170 ciren-

1255 5190 1379 5245 santiam
1395 5188 1470 5243 labiis
1484 5187 1548 5250 suis.
1562 5189 1655 5257 orique
1666 5187 1813 5243 custodiam
1828 5184 1915 5256 (Prot.
1932 5176 2031 5245 catil·

1290 5262 1317 5314 tt.
1337 5257 1498 5322 claritatem
1512 5269 1626 5313 vestram
1637 5267 1691 5313 tant
1702 5257 1855 5327 apostoticae
1868 5255 1950 5312 Sedis
1963 5256 2030 5308 arle-

1256 5331 1344 5391 ritate.
1360 5345 1439 5399 queam
1453 5337 1544 5383 rnutua
1556 5328 1656 5383 amoris
1676 5327 1817 5383 allectione
1831 5341 1987 5381 commones
2003 5327 2031 5374 ut

1254 5402 1309 5472 jam
1323 5400 1428 5470 ingenia
1442 5409 1530 5454 restra
1544 5414 1574 5453 se
1589 5406 1739 5453 sanctarum
1762 5398 1882 5453 omnium
1901 5396 2031 5469 seium

1255 5487 1315 5526 rum
1325 5481 1385 5542 quse
1403 5471 1548 5525 secundum
1563 5469 1730 5524 traditionem
1746 5469 1854 5522 Petrum
1868 5475 1954 5536 atquc
1963 5472 2029 5527 1111)-

1256 5558 1316 5596 rum
1340 5541 1591 5610 prascriptnsunt,
1611 5539 1752 5610 praeceptis
1768 5538 2031 5610 obsecr-ationiFttqe

1257 5612 1396 5682 strlrjiciaut
1419 5609 1486 5680 Quid
1503 5610 1555 5664 illic
1569 5625 1621 5665 uou
1633 5609 1787 5664 abundans?
1797 5608 1860 5679 quid
1874 5623 1928 5663 ιιοιι
1947 5609 1964 5650 ¹¹
1976 5612 2029 5667 ⁵1³¹·

1257 5683 1310 5737 ritu
1324 5691 1350 5736 et
1371 5682 1480 5736 uocibus
1495 5682 1602 5751 plenum
1621 5680 1675 5735 sit?
1688 5680 1738 5734 nisi
1754 5679 1819 5735 libet
1836 5694 1919 5734 unum
1997 5683 2027 5727 ΙΙ(

1258 5754 1319 5823 plus
1331 5753 1380 5807 sibi
1393 5752 1519 5818 credere,
1534 5766 1635 5821 suoque
1649 5748 1684 5806 de
1696 5765 1727 5806 se
1739 5751 1776 5805 uti
1789 5748 1901 5820 judicio.

1291 5976 1298 6005 ¹
1316 5929 1427 6033 stojaima
1440 5971 1603 6032 tenebricae.
1615 5973 1662 6022 trit
1674 6007 1682 6031 ,
1694 5984 1766 6036 regg.
1781 5969 1834 6032 1119,
1848 5968 1904 6023 llo.
1949 5973 2027 6021 alm*

1258 6034 1382 6159 ffflzi?
1392 6035 1438 6087 itur
1447 6035 1508 6098 tuit,
1521 6042 1546 6086 ct
1557 6033 1586 6084 ad
1603 6037 1752 6099 marginem,
1768 6030 1853 6099 procel
1865 6031 1902 6084 du
1932 6021 2024 6076 W
