4900 6892
397 681 466 737 tart

399 801 498 851 tentus,
514 761 662 857 argumenti
677 780 723 844 tui,
745 779 820 847 cujas
836 775 998 844 impietatem
1016 767 1131 840 prodidi,
1143 780 1188 821 co

398 895 507 952 arguam
524 878 674 933 lalsitatem.
690 872 756 926 Catu
778 852 846 938 ergo¹
863 863 1006 927 scriberes,
1023 879 1033 912 r
1049 859 1106 914 Non
1129 856 1189 911 idco

399 972 484 1041 proluit
503 967 566 1021 oriri
586 964 709 1018 rolmrtas
723 959 792 1041 atala
807 959 833 1010 in
854 970 935 1026 opere
950 954 1007 1018 Oei,
1028 950 1088 1021 qnia
1105 947 1190 1002 abeo

399 1063 495 1114 tactum
515 1064 573 1118 est;
589 1053 635 1108 sed
652 1049 712 1105 ideo
736 1049 798 1118 qnia
818 1045 852 1100 de
878 1043 963 1097 nilrila
989 1041 1149 1095 factumest
1177 1053 1187 1088 s

400 1146 459 1217 (Oe
472 1143 576 1214 quuiir
594 1151 617 1195 et
635 1135 854 1208 Concupiscentia,
869 1132 912 1186 lib.
926 1130 954 1196 2,
976 1148 1002 1183 a.
1017 1128 1068 1198 d8)
1079 1144 1086 1180 ε
1099 1124 1192 1181 ridere

400 1235 542 1294 debnems.
558 1246 637 1302 quam
649 1229 769 1283 ualenter
778 1224 892 1279 aliarum
904 1230 1086 1276 creaturarum
1099 1230 1192 1271 exem-

398 1325 442 1392 pla
458 1321 674 1392 proscriberent,
697 1332 757 1388 quse
770 1313 880 1369 totidem
902 1310 1037 1381 producte
1049 1308 1083 1362 de
1093 1306 1189 1369 nihilo,

402 1418 479 1472 malae
494 1425 583 1469 tamea
599 1409 742 1468 voluntatis
762 1419 874 1476 capaces
895 1418 947 1457 aon
961 1407 1033 1457 suut.
1056 1399 1193 1453 Postremo

402 1506 459 1577 ipsa
473 1507 615 1568 elementa,
629 1516 688 1573 qua.
702 1513 764 1554 rere
779 1504 841 1551 suut
853 1494 919 1548 lacta
935 1508 967 1548 ex
981 1490 1073 1555 nihilo,
1086 1503 1140 1542 noa
1149 1486 1194 1540 ali·

402 1597 478 1668 cujas
492 1593 636 1650 rolurrtrrtis
650 1588 841 1646 conscientiam
853 1594 956 1657 queunt
969 1585 1078 1649 lralrere,
1091 1589 1120 1634 ut
1133 1594 1193 1634 mo·

404 1693 474 1747 tibus
495 1687 572 1744 malis
593 1690 774 1757 protestentur
787 1678 898 1749 originis
915 1693 970 1731 soar
994 1673 1192 1729 necessitatem.

358 1756 363 1765 ⁴
405 1782 562 1837 dairnaates
575 1785 675 1841 nutem,
687 1772 824 1841 etreliqua
837 1766 1045 1839 qacisimplctos
1055 1771 1098 1819 est
1109 1761 1193 1825 orbis,

377 1855 383 1929 ᾗ
405 1885 459 1925 εοε
473 1868 507 1924 de
528 1867 621 1932 nillilo,
647 1872 774 1920 eceteram
791 1859 847 1929 jam
862 1873 895 1912 ex
915 1858 1004 1925 aliquo
1027 1852 1193 1924 prodierunt.

407 1958 459 2015 Ubi
475 1967 517 2013 est
537 1954 651 2026 crgoris
664 1951 798 2007 inanitatis
816 1949 942 2017 antiqua,
957 1960 1015 2017 quae
1031 1945 1126 1998 malam
1148 1957 1195 1996 ro·

407 2051 536 2105 lnatatem
552 2046 639 2117 coegit
647 2045 780 2106 existere,
796 2056 856 2095 cum
870 2047 965 2108 practer
975 2035 1132 2090 rationabile
1144 2033 1197 2087 aal-

409 2141 475 2204 mal,
489 2137 623 2192 neminem
634 2147 745 2205 peceare
755 2144 834 2200 posse
845 2127 1014 2183 manifestum
1027 2124 1083 2178 sit?

446 2231 514 2285 rloo.
531 2228 628 2281 Posses
636 2232 728 2294 putare
741 2236 784 2276 me
800 2219 874 2290 argui
890 2216 1023 2279 salsitatis,
1039 2214 1061 2270 si
1073 2229 1134 2269 cnm
1147 2228 1197 2284 ego

407 2318 548 2381 dixissem,
561 2315 621 2370 ideo
633 2328 712 2384 posse
724 2320 815 2366 nostra
835 2322 947 2379 corpora
966 2306 1113 2372 vulnerari,
1135 2304 1198 2375 quia

409 2407 546 2462 terrestria
568 2413 647 2470 sant,
670 2401 826 2457 ostenderes
840 2409 867 2453 ta
889 2412 1001 2468 corpora
1015 2396 1097 2451 nrulta
1111 2385 1199 2450 terre·

409 2499 486 2562 stria,
498 2477 558 2568 qnae
570 2503 705 2566 nequeant
719 2490 862 2547 rrrlaerari.
874 2488 933 2544 Non
946 2489 1018 2544 enim
1030 2503 1090 2543 esse
1103 2486 1200 2542 ruinas

409 2597 508 2661 potest,
528 2587 578 2642 nisi
594 2588 621 2641 in
636 2599 749 2655 corpore
768 2581 921 2646 arrimantis,
934 2595 994 2651 qaae
1016 2594 1079 2634 earo
1093 2577 1199 2633 dicitur.

410 2673 461 2735 Ubi
477 2687 502 2732 te
514 2676 660 2732 admonere
674 2672 811 2738 deberem,
826 2669 896 2740 qaod
910 2668 1002 2723 ridere
1014 2683 1068 2722 aon
1081 2665 1201 2736 potueris

410 2768 568 2825 senteutiam
592 2767 669 2821 istam
689 2777 742 2818 non
755 2776 895 2817 recurrere
914 2760 993 2830 :qaia
1010 2774 1062 2814 noa
1078 2759 1148 2812 sicut
1160 2772 1202 2813 ro·

412 2877 471 2916 ram
484 2869 535 2924 est,
549 2857 636 2914 Omne
652 2854 722 2926 quod
735 2860 823 2924 potest
835 2853 979 2918 vulnerari,
995 2858 1122 2906 terrestre
1138 2865 1201 2905 cor·

413 2960 526 3023 pusest;
542 2952 578 3005 ita
595 2949 676 3005 etiam
691 2961 784 3003 reram
803 2954 854 3012 cst,
869 2943 954 3000 Omne
967 2953 1095 3000 terrestre
1105 2957 1203 3012 corpas

414 3044 548 3099 vulnerari
566 3051 662 3112 potest.
677 3039 733 3094 Car
746 3053 811 3108 ergo
827 3037 853 3090 in
869 3036 1015 3092 dialecticis
1029 3035 1202 3106 jactanticula

416 3144 461 3190 tua
476 3135 584 3190 solertia
594 3132 764 3194 dormitavit,
789 3137 818 3183 ut
837 3143 889 3184 noa
903 3127 1071 3192 adnecteres,
1092 3126 1136 3181 nbi
1149 3125 1204 3180 dixi

416 3226 476 3281 ideo
492 3232 640 3279 creaturam
656 3220 812 3276 rationalem
828 3233 939 3289 peccare
953 3217 1080 3288 potuisse.
1094 3217 1156 3286 quia
1170 3231 1203 3270 ex

415 3316 498 3372 nilrila
523 3314 590 3369 lacta
614 3321 670 3377 cst,
686 3327 729 3366 me
744 3309 855 3379 intelligi
879 3308 1013 3372 uoluisse,
1035 3321 1114 3361 omae
1133 3305 1204 3376 quod

414 3422 527 3480 peccare
548 3415 644 3476 potest,
670 3417 703 3457 ex
723 3402 806 3456 nilrilo
827 3400 924 3455 iactam
947 3413 1017 3466 esse,
1042 3414 1094 3452 aon
1115 3407 1204 3452 autem

416 3489 496 3553 omne
506 3495 576 3566 quod
590 3511 621 3550 es
633 3493 716 3548 nilrilo
725 3491 823 3546 iactum
834 3497 885 3556 est,
900 3505 978 3558 passe
991 3489 1119 3559 peccare?
1129 3487 1206 3556 Quod

417 3599 541 3658 tanquam
555 3585 694 3650 dixissem,
708 3583 743 3636 ita
756 3581 821 3636 milri
835 3580 955 3649 objecisti
970 3593 1013 3633 res
1024 3578 1101 3644 alias,
1113 3577 1206 3646 etipsa

416 3678 509 3733 mundi
525 3679 672 3740 cleraeata,
689 3688 748 3744 quar
761 3687 821 3727 eum
834 3687 866 3725 ex
881 3671 963 3725 ailrilo
977 3669 1045 3724 lacta
1065 3670 1129 3733 siat,
1144 3684 1207 3738 pec·

416 3785 478 3825 earo
493 3784 545 3822 non
558 3773 688 3837 possaat;
704 3763 829 3833 quoniam
843 3763 928 3817 solam
944 3768 1029 3830 potest
1050 3759 1150 3814 animal
1165 3774 1207 3814 ra·

418 3858 513 3914 tionale
535 3871 657 3928 peccaro.
681 3854 756 3910 Narro
781 3868 845 3924 ergo
866 3853 973 3923 evigila,
994 3861 1075 3922 atque
1099 3852 1206 3922 aspice,

419 3963 498 4004 omne
511 3947 580 4017 quod
606 3961 718 4016 peecare
742 3952 839 4015 potest,
863 3943 897 3997 do
911 3943 996 3998 nilrilo
1014 3943 1111 3997 lactum
1127 3957 1207 4006 esse;

420 4055 470 4094 nce
480 4039 538 4093 ideo
553 4037 673 4107 sequitur
685 4037 764 4091 etiam
779 4050 859 4090 oarne
873 4034 943 4104 qaod
967 4033 1000 4088 de
1014 4032 1097 4087 nilrilo
1111 4030 1208 4087 iactam

420 4137 470 4193 est,
485 4143 563 4198 passe
579 4141 699 4197 peccare.
714 4126 770 4182 Non
786 4127 865 4196 igitur
883 4125 947 4179 mibi
962 4122 1132 4194 proterantur
1146 4123 1208 4189 alia,

421 4236 480 4289 quo
493 4219 526 4275 de
546 4217 630 4272 nilrilo
647 4216 714 4270 iacta
728 4225 806 4281 sant,
827 4223 854 4271 ct
875 4229 986 4284 peccare
1004 4230 1057 4268 nan
1077 4222 1209 4283 possunt:

421 4310 546 4381 qnoniam
566 4324 618 4362 aon
631 4306 703 4371 (lieo,
720 4305 805 4362 Omne
824 4305 893 4375 qaod
905 4321 938 4360 ex
952 4304 1035 4359 aibilo
1046 4304 1144 4359 lactura
1157 4313 1209 4369 est,

422 4416 533 4470 peccaro
551 4407 655 4470 potrest;
670 4397 716 4452 scd
727 4397 787 4452 dico
797 4438 803 4460 ,
813 4397 898 4451 Omne
908 4395 978 4465 quod
990 4410 1101 4464 rreccare
1111 4402 1210 4465 potest,

423 4508 456 4549 ex
481 4492 565 4547 nihilo
588 4490 684 4544 laetrrm
699 4497 740 4543 est
756 4505 762 4540 :
778 4495 901 4556 tanquam
917 4486 938 4539 si
959 4485 1097 4548 dixissem,
1119 4482 1211 4538 Omnis

424 4584 472 4638 bos
486 4582 582 4638 animal
594 4591 645 4645 cst,
662 4594 714 4632 aon
730 4578 820 4646 ntique
840 4575 981 4630 adrcrsum
995 4591 1037 4630 me
1049 4589 1213 4629 commemo·

424 4675 478 4729 rari
491 4673 639 4728 debuerant
654 4669 735 4723 inulta
747 4666 881 4729 auiraalia,
897 4679 956 4734 qaae
970 4681 1022 4719 aaa
1037 4674 1098 4720 sant
1112 4665 1211 4729 bores3

422 4765 546 4836 quoniam
562 4778 615 4816 non
638 4758 762 4822 dixerim,
784 4754 870 4810 Omne
889 4753 986 4808 animal
1001 4753 1050 4809 bos
1068 4763 1127 4818 est,
1143 4752 1211 4819 sed,

423 4858 517 4912 Omnis
528 4857 577 4911 bas
589 4855 687 4910 animal
702 4863 753 4908 est.
768 4852 867 4906 lteram
877 4864 943 4921 erga
956 4847 1026 4915 dica,
1043 4847 1127 4929 Omne
1142 4850 1213 4920 quod

426 4962 537 5016 peceare
557 4955 663 5020 potest,
686 4961 720 5000 cx
741 4944 825 4999 nilrilo
847 4942 945 4998 laetum
969 4950 1009 4997 est
1023 4958 1031 5007 ;
1047 4956 1127 4997 omae
1149 4957 1213 5013 crgo

428 5035 496 5107 qaod
506 5051 540 5091 ex
554 5036 636 5090 nllrilo
647 5036 743 5090 tactrrm
755 5044 796 5090 est
808 5075 815 5099 ,
829 5041 915 5104 potest
930 5049 1055 5104 peccare,
1069 5048 1123 5088 non
1135 5034 1213 5098 dico:

427 5124 496 5195 quod
510 5125 581 5180 relat
595 5123 719 5187 dixerim,
735 5122 815 5176 malta
826 5138 1030 5187 commemoras,
1046 5123 1168 5194 quamvis
1180 5138 1214 5178 ex

427 5216 509 5271 uilrilo
523 5215 602 5278 iacta,
615 5230 675 5285 qaae
689 5222 776 5268 tamcn
790 5227 902 5282 peccare
913 5230 964 5267 uon
976 5224 1096 5284 possunt.
1108 5213 1215 5270 Callidi-

427 5317 507 5364 tatem
522 5317 594 5364 tuam
608 5307 671 5363 tolle
683 5305 826 5371 demedio,
840 5321 890 5377 qua
900 5305 981 5361 tardis
992 5306 1080 5363 illudis
1089 5307 1212 5377 ingeniis,

429 5407 472 5454 nat
493 5400 649 5465 orcitatear,
666 5413 717 5468 qna
738 5394 878 5452 manifesta
894 5412 946 5451 noa
965 5396 1064 5452 cernis.
1080 5398 1147 5452 Cam
1167 5412 1214 5452 aa·

431 5500 481 5546 tcrn
495 5490 571 5554 dico,
584 5490 681 5545 lirrtara
696 5506 755 5559 qnae
769 5488 905 5544 rationalis
919 5499 1006 5544 creata
1020 5498 1070 5553 ost,
1086 5489 1146 5546 idea
1157 5504 1216 5558 pec-

427 5596 488 5636 care
511 5579 609 5650 potuit,
629 5580 691 5648 qaia
713 5580 747 5635 de
770 5579 853 5634 nihilo
868 5578 935 5634 lacta
951 5587 1002 5646 cst,
1018 5594 1071 5633 non
1094 5578 1212 5644 dolica,

426 5669 533 5725 attende
554 5662 615 5738 qr‘rid
629 5668 726 5733 dicam,
741 5685 774 5724 ae
787 5669 856 5724 milri
866 5683 958 5724 rursrrs
971 5669 1042 5723 inani
1055 5669 1215 5740 loquacitate

428 5761 540 5816 reatiles
551 5760 627 5825 nilril,
641 5768 668 5814 ct
681 5774 725 5815 me
736 5759 835 5814 dixisse
848 5761 965 5814 allirmos
980 5761 1032 5813 rim
1045 5758 1157 5815 laciendi
1168 5760 1216 5814 ali-

426 5852 488 5920 quid
505 5851 613 5915 lralrere,
628 5850 698 5921 qnod
713 5849 778 5904 ntlrtt
796 5859 847 5905 est.
867 5850 924 5907 lloe
940 5851 1000 5906 dico
1012 5865 1072 5922 ego,
1093 5860 1214 5907 natarum

427 5957 485 6011 qno
500 5945 638 5999 rationalis
647 5953 735 5998 creata
748 5951 800 6009 est,
816 5953 1076 6014 proptereapeccare
1086 5945 1214 6013 potuisse,

425 6035 487 6102 quia
500 6051 532 6091 ex
544 6037 626 6094 nilrilo
647 6037 713 6094 iacta
727 6045 770 6094 est
786 6054 792 6090 :
809 6036 880 6108 qaod
892 6037 964 6094 allud
986 6036 1120 6110 quidest,
1135 6053 1215 6110 quarn

732 668 852 728 orbais
871 660 1074 722 tltbealllctl
1093 657 1226 715 coarat
1248 653 1426 716 titillabit,
1446 655 1474 708 S.
1492 650 1672 709 AUGUSTlNl

1960 648 2030 709 idib

1245 774 1383 832 propteroa
1395 778 1505 834 peccare
1520 765 1647 830 potuisse,
1662 761 1723 831 quia
1737 770 1829 815 natura
1843 759 1892 816 Oei
1906 775 1959 816 nan
1970 763 2032 819 esti

1245 853 1272 906 Si
1284 849 1354 904 crrim
1370 853 1402 907 de
1417 852 1499 906 uilrilo
1514 853 1580 906 lacta
1596 870 1647 905 rroa
1663 861 1744 917 esset,
1758 852 1792 906 de
1808 851 1863 906 lieo
1877 852 2034 909 naturaliter

1245 955 1334 1007 esset,
1349 944 1474 1014 quidquid
1496 954 1587 999 esset:
1604 945 1626 997 εἰ
1646 943 1798 998 naturaliter
1820 943 1855 999 de
1878 945 1936 998 Oet)
1948 953 2030 1008 esset,

1248 1033 1292 1087 Ori
1308 1042 1400 1088 tratura
1423 1045 1494 1089 esset
1508 1053 1515 1088 ε
1531 1036 1553 1089 si
1570 1035 1614 1089 Oei
1631 1046 1722 1088 antara
1743 1043 1828 1101 esset,
1845 1050 1959 1103 peceare
1980 1052 2032 1090 aon

1246 1133 1346 1192 posset.
1364 1123 1424 1179 ldco
1436 1126 1514 1195 igitar
1529 1140 1637 1194 peccare
1649 1126 1743 1194 patuit,
1752 1127 1875 1194 quamvis
1893 1124 1964 1180 lacta
1975 1127 2034 1181 sita

1249 1216 1312 1280 Oea,
1332 1216 1392 1285 traria
1403 1216 1437 1271 do
1451 1216 1534 1271 ailrilo
1548 1218 1615 1272 laeta
1630 1226 1687 1281 est,
1702 1232 1754 1270 noa
1769 1218 1802 1272 de
1816 1217 1883 1272 Deo.
1900 1216 1958 1272 lloe
1970 1226 1997 1271 ta
2011 1219 2033 1273 si

1247 1307 1419 1373 intellexeris,
1442 1317 1469 1362 ot
1490 1309 1592 1364 raritati
1616 1323 1762 1379 repugnare
1785 1309 1920 1372 nolueris,
1933 1308 1969 1364 ab
1988 1309 2037 1365 tae

1247 1399 1417 1454 contentione
1427 1399 1453 1454 in
1466 1399 1515 1454 irae
1528 1401 1675 1471 quaestione
1688 1401 1816 1455 cessabis.

1289 1492 1342 1546 xl.
1358 1493 1418 1547 Jaa.
1429 1493 1495 1547 Cum
1510 1507 1573 1563 crgo
1585 1491 1636 1546 lroc
1650 1501 1702 1546 tam
1713 1507 1837 1562 magnam
1851 1502 1976 1561 apertam
1990 1505 2034 1547 ει·

1248 1597 1300 1651 sct,
1315 1587 1377 1658 qaid
1398 1584 1460 1639 illud
1484 1584 1542 1646 init,
1556 1583 1627 1653 quod
1642 1583 1688 1638 tibi
1703 1584 1832 1652 persuasit
1845 1624 1851 1648 ‚
1868 1583 2035 1639 utererleres

1248 1677 1349 1746 antiqui
1378 1675 1453 1730 nilrili
1477 1675 1630 1729 violentiam
1654 1689 1762 1728 causam
1791 1674 1868 1727 mala.
1892 1674 2037 1730 uoluntatis

1250 1767 1349 1822 luisse?
1362 1764 1483 1820 Proiecto
1497 1774 1526 1818 at
1536 1763 1743 1834 intelligeremus
1755 1779 1814 1826 nas,
1824 1764 1913 1818 omnia
1930 1775 1966 1827 tc,
1979 1780 2089 1836 qm

1249 1864 1311 1913 sant
1322 1857 1388 1911 lacta
1402 1856 1435 1911 de
1449 1855 1543 1918 ailrilo,
1559 1870 1603 1908 rea
1617 1853 1736 1917 credere,
1751 1863 1778 1909 et
1793 1854 1947 1909 rruirersam
1961 1871 2039 1909 mua·
2065 1886 2089 1893 -

1250 1948 1313 2002 dam
1328 1946 1436 2003 diabolo
1446 1947 1606 2014 mancipare.
1622 1945 1750 2012 Quoniam
1762 1945 1840 2015 igitar
1852 1944 1918 1999 mibi
1931 1945 2037 2010 claruit,

1250 2037 1384 2106 antiquam
1407 2037 1476 2090 iuter
1496 2050 1543 2088 ros
1554 2034 1707 2104 dogmatum
1723 2047 1832 2090 manere
1845 2034 2037 2102 concordiam

1251 2127 1313 2181 lrine
1325 2126 1379 2196 jam
1393 2126 1439 2181 tibi
1456 2124 1554 2195 pariter
1569 2134 1596 2180 ct
1614 2122 1760 2180 llaniclneo
1779 2125 1942 2193 respondeo.
1962 2124 2040 2186 an-

1251 2218 1312 2272 ritis
1321 2226 1404 2281 corte,
1418 2224 1447 2270 ut
1458 2217 1501 2286 qai
1520 2231 1588 2287 nega
1599 2215 1661 2269 mali
1674 2229 1734 2269 csse
1747 2222 1880 2278 naturam,
1896 2215 1920 2268 si
1931 2224 2040 2284 possm

1251 2307 1445 2376 respondeam,
1466 2306 1536 2361 urrde
1562 2307 1616 2376 ipsa
1641 2305 1711 2359 mala
1732 2305 1855 2359 voluntas
1882 2305 1909 2359 in
1933 2304 2041 2362 bomine

1253 2399 1339 2467 primo
1348 2398 1547 2467 potnitexariri.
1562 2397 1597 2451 At
1611 2412 1660 2467 ego
1671 2395 1757 2451 resero
1771 2412 1823 2451 non
1832 2411 1881 2451 ros
1893 2397 2042 2469 intelligere

1252 2489 1315 2559 quid
1327 2488 1431 2543 dicatis.
1444 2488 1572 2543 Voluntas
1586 2489 1656 2545 enirn
1668 2487 1733 2543 nibil
1746 2496 1788 2544 est
1798 2488 1882 2556 aliud,
1893 2505 1975 2560 qoam
1986 2504 2043 2546 tao-

1254 2589 1298 2634 tns
1309 2579 1402 2645 animi,
1416 2589 1526 2649 cogente
1539 2580 1622 2634 nalla.

1302 2673 1369 2725 Aac.
1385 2668 1471 2723 llotas
1495 2669 1576 2723 animi
1599 2669 1663 2739 qnid
1684 2678 1747 2736 est,
1768 2669 1821 2724 nisi
1844 2679 1935 2726 motus
1966 2680 2044 2726 nata·

1255 2776 1291 2814 rae
1311 2759 1368 2832 (aqi
1383 2761 1494 2814 aainrns
1515 2761 1586 2815 euim
1606 2761 1663 2815 sine
1677 2759 1842 2816 dubitatione
1868 2771 1965 2817 natura
1979 2773 2042 2820 est:

1256 2851 1366 2918 proinde
1388 2852 1510 2905 rolantas
1522 2862 1611 2907 motus
1632 2860 1673 2906 ost
1689 2860 1799 2915 natura,
1813 2855 1942 2923 quoniam
1956 2865 2044 2911 motos

1255 2952 1296 2994 est
1310 2941 1403 2995 aaimi.
1415 2941 1454 2997 Tu
1474 2951 1562 2997 antem
1575 2957 1636 2997 eum
1649 2943 1771 3013 saperius
1786 2953 1910 2999 traturam
1922 2955 2047 3016 tanquam

1256 3050 1339 3102 gestas
1362 3050 1485 3103 pransores,
1501 3034 1579 3104 cique
1593 3036 1683 3105 generi
1698 3036 1802 3105 specics
1822 3052 1886 3093 suas
1907 3039 2045 3108 subderes,

1256 3125 1294 3178 sic
1313 3134 1385 3178 certe
1401 3124 1504 3179 locutas
1523 3139 1572 3179 es:
1589 3144 1598 3176 r
1616 3125 1732 3192 Natrrrn,
1751 3145 1761 3178 r
1779 3126 1877 3197 inquis,
1895 3147 1906 3181 r
1925 3128 2047 3186 bumana

1255 3215 1423 3284 generalitas,
1449 3216 1643 3270 institutionum
1663 3216 1729 3270 inlra
1750 3232 1779 3271 se
1803 3218 1951 3280 locatarum
1964 3237 2048 3292 genna

1257 3303 1388 3373 quoddam
1402 3314 1464 3359 est:
1484 3304 1542 3360 laec
1564 3307 1635 3360 relat
1659 3306 1762 3375 species
1778 3306 1872 3370 lralret,
1887 3309 1915 3363 in
1935 3313 2007 3377 situ,
2023 3312 2047 3365 in

1258 3397 1395 3463 membris,
1412 3396 1438 3450 in
1460 3397 1607 3460 ordinibus,
1629 3398 1655 3451 in
1679 3397 1805 3464 motibus,
1822 3397 1866 3453 rel
1880 3399 1940 3454 aliis
1962 3400 1989 3456 id
2003 3417 2049 3474 gc·

1259 3489 1331 3542 εεεί
1350 3507 1358 3538 r
1377 3487 1485 3560 (Sapra,
1505 3505 1562 3556 cap.
1575 3488 1632 3559 et).
1655 3487 1705 3542 lan
1720 3504 1784 3559 ergo
1805 3498 1850 3544 tua
1868 3489 2049 3560 disputatione

1260 3590 1347 3635 motus
1359 3591 1461 3634 naturae
1475 3583 1591 3652 speciem
1607 3582 1747 3636 asseruisti
1768 3597 1829 3637 esse
1844 3592 1945 3638 natura)
1957 3603 1964 3639 :
1978 3586 2050 3642 undo

1261 3681 1286 3725 te
1299 3672 1427 3740 seqnitur,
1443 3672 1514 3740 tanrd
1526 3688 1579 3725 aon
1593 3671 1642 3737 ris,
1653 3681 1681 3726 ot
1693 3683 1786 3728 natura
1801 3674 1837 3729 sit
1849 3675 1938 3729 omnis
1950 3689 2049 3734 natrrra

1261 3773 1359 3827 motas,
1375 3764 1396 3816 si
1415 3774 1507 3817 rrntma
1522 3779 1621 3834 genus,
1636 3765 1747 3834 eiusque
1766 3767 1872 3835 species
1890 3779 1933 3824 est
1951 3781 2049 3824 natura

1262 3866 1365 3921 motas;
1380 3855 1602 3926 quemadmodum
1624 3857 1722 3910 aaimnl
1742 3867 1784 3912 est
1806 3861 1896 3915 omnis
1910 3877 2005 3931 equas,
2017 3877 2050 3915 eo

1261 3945 1332 4017 qaod
1353 3946 1450 4000 animal
1472 3957 1623 4015 genusest,
1649 3949 1754 4017 specics
1768 3965 1833 4004 rcro
1849 3950 1930 4020 lrujas
1947 3954 2050 4024 generis

1262 4050 1356 4106 equas.
1370 4038 1408 4091 Ae
1422 4051 1469 4105 per
1482 4036 1534 4092 lroe
1546 4037 1679 4105 volontas,
1691 4039 1817 4108 quoniam
1832 4049 1922 4096 rnotns
1936 4053 1977 4099 est
1995 4045 2051 4099 ani·

1262 4128 1310 4192 mi,
1325 4135 1352 4181 ot
1365 4125 1427 4181 inde
1442 4125 1592 4180 ostenditur
1606 4137 1693 4182 motas
1707 4143 1767 4183 esse
1781 4140 1895 4195 natura,
1911 4141 1937 4187 te
1952 4134 1986 4186 ita
2001 4133 2052 4188 dis-

1264 4226 1373 4286 putante
1386 4224 1478 4271 aatura
1491 4225 1551 4282 est;
1568 4219 1628 4287 quia
1641 4226 1742 4274 notrae
1754 4228 1879 4290 tanquam
1893 4214 1987 4292 generi
1999 4239 2053 4292 spe·

1263 4312 1319 4365 cios
1333 4309 1484 4378 hujusmodi
1498 4309 1713 4366 srrbdidisti.'Car
1723 4327 1787 4382 ergo
1799 4314 1975 4382 reprehendis·
1985 4315 2052 4386 qrmd

1264 4401 1361 4455 dicitnr
1376 4401 1496 4455 tratrrrale
1510 4401 1739 4470 pcccataar,qaod
1757 4403 1819 4458 lecit
1833 4405 1958 4460 volantes
1970 4406 2051 4469 nata,

1264 4495 1358 4562 qaam¹
1369 4495 1452 4562 ipsam
1462 4493 1622 4548 volantatem
1632 4494 1932 4552 tadicerecaariacaris
1941 4513 2001 4554 esse
2010 4513 2053 4554 ns·

1266 4586 1372 4640 turam?
1387 4583 1438 4640 Sed
1451 4594 1544 4639 antara
1555 4601 1607 4665 aon
1620 4585 1803 4640 sitrnlaatas:
1819 4597 1893 4643 certe
1908 4598 1998 4645 tamen
2007 4590 2052 4645 nisi

1266 4677 1392 4730 innatam
1403 4691 1455 4730 non
1470 4685 1557 4745 potest
1571 4692 1648 4745 esse;
1665 4687 1792 4746 quautam
1806 4681 1878 4735 enim
1895 4684 2009 4751 pcrtiact
2022 4681 2052 4737 ad

1266 4768 1412 4836 hominem,
1432 4778 1520 4823 motas
1541 4779 1583 4825 est
1603 4770 1696 4835 animi,
1715 4771 1874 4841 animasque
1893 4784 1987 4829 natura
2005 4787 2051 4830 est.

1266 4861 1328 4917 Sine
1340 4860 1406 4930 jam,
1419 4876 1521 4931 qaaeso,
1534 4862 1568 4913 ita
1580 4860 1630 4915 dici
1640 4861 1760 4916 naturale
1770 4874 1919 4930 peccatam,
1934 4867 2052 4936 qnoniam

1266 4967 1326 5006 cunr
1337 4951 1419 5007 lromo
1430 4960 1532 5019 peccat,
1545 4960 1636 5005 natura
1647 4951 1738 5021 utique
1750 4961 1857 5020 guerram
1872 4955 1954 5009 immo
1962 4957 2053 5027 qoiqrpe

1268 5052 1361 5096 natura
1377 5051 1438 5097 cst:
1456 5041 1680 5112 queamdmodum
1705 5050 1777 5097 recte
1791 5042 1843 5097 dici
1867 5056 1959 5114 potest
1978 5046 2053 5102 etium

1267 5131 1403 5202 spirituale
1423 5141 1572 5201 peccatam,
1588 5147 1650 5187 cunr
1670 5132 1779 5202 spiritus
1794 5143 1899 5202 peccat.
1915 5135 1974 5191 Non
1987 5137 2053 5193 eninr

1267 5223 1363 5277 errarit
1374 5223 1527 5294 Apostolus.
1539 5221 1637 5286 abiait,
1649 5222 1796 5293 spiritualia
1809 5224 1929 5296 nequitia
1938 5244 1945 5280 ε
1953 5226 2054 5300 (Epion.

1267 5329 1303 5379 rr,
1320 5312 1364 5381 li)
1374 5329 1381 5365 ε
1390 5329 1449 5382 qaae
1464 5312 1613 5382 spiritualia
1623 5314 1715 5383 procul
1726 5312 1808 5369 dubio
1820 5317 1955 5371 naturalia
1968 5321 2053 5378 sant¹;

1300 5490 1308 5521 ¹
1327 5495 1404 5550 rorte,
1415 5501 1496 5551 macru.

1298 5553 1309 5581 ¹
1325 5551 1392 5610 extiti,
1405 5557 1591 5602 nanctoacum
1621 5552 1659 5602 las
1668 5549 1864 5610 aenaeam
1873 5559 1939 5605 arnt.

1299 5612 1335 5674 (a)
1352 5615 1577 5670 ttancseoteutiam.
1609 5610 1894 5676 tasquenonnnllnslttur·
1905 5615 1979 5678 bttitts
1987 5616 2060 5680 qenai

1266 5678 1324 5727 cltat
1336 5674 1426 5736 agatho
1437 5687 1497 5738 papa
1507 5675 1530 5722 in
1539 5672 1641 5736 epistola
1652 5675 1764 5739 synodica
1775 5673 1804 5723 ad
1824 5678 1997 5736 tmperatores,
2007 5692 2061 5743 qua·

1268 5741 1292 5788 ia
1303 5735 1587 5798 synalosextaacttono
1600 5742 1694 5798 quarta,
1713 5735 1775 5784 leda
1795 5743 1843 5795 est,
1862 5739 2022 5809 tupmtnum
2040 5755 2062 5789 ι.

1268 5802 1320 5850 laec
1331 5799 1406 5848 verba
1416 5797 1604 5846 mmarendans:
1621 5798 1752 5847 «veritatis
1760 5797 1966 5859 ρεεεεειίεειιεεε
1979 5802 2063 5861 quad.-

1271 5881 1283 5908 ι
1294 5868 1359 5910 ostar
1370 5860 1457 5908 beatas
1469 5859 1623 5921 errgrrstinus,
1633 5859 1657 5908 in
1668 5858 1752 5921 quinto
1764 5857 1886 5906 solamine
1896 5870 1944 5922 ειη
1953 5863 2066 5913 uetusta

1270 5922 1411 5970 universus
1421 5920 1540 5969 talianum
1551 5920 1744 5982 relagtantstam.
1760 5919 1818 5983 qaid
1835 5921 1869 5968 sit
1886 5918 2010 5978 rrrluntas,
2031 5927 2065 5978 tre

1271 5983 1377 6078 «dellaivt
1395 5984 1496 6032 rcrlris:
1517 5989 1592 6031 dotus
1612 5982 1684 6032 animi
1703 5981 1761 6044 quid
1784 5989 1831 6039 est,
1855 5981 1901 6032 nisi
1925 5993 2007 6037 motus
2027 6002 2066 6036 ru·

1271 6055 1391 6096 ‹iltraest
1407 6053 1455 6094 tile.
