4900 6892
404 675 475 733 aits

404 798 459 841 non
473 783 514 839 bis
527 783 572 853 qui
586 780 701 854 flagitia,
716 783 783 836 sieut
796 779 875 848 dieis,
894 780 919 836 in
935 781 1118 836 necessitatem
1133 796 1190 834 car-

403 879 447 932 nis
465 875 623 940 refundunt,
643 875 690 929 scd
704 875 745 930 his
758 875 802 945 qui
821 886 848 928 ut
863 875 890 928 in
906 873 1064 928 tentationes
1081 872 1193 941 flagitio·

403 983 465 1024 rum
488 982 540 1022 uon
567 965 730 1033 inferantur,
760 980 853 1035 proces
876 965 929 1019 Deo
952 963 1081 1028 fundunt,
1106 962 1194 1032 ligitur

403 1058 514 1114 aculeus
536 1056 721 1112 sollicitudinis
741 1065 768 1111 et
780 1056 898 1120 timoris,
919 1070 952 1109 nc
965 1055 1133 1109 consentiant
1147 1068 1194 1106 sn·

403 1141 1194 1221 perbissirnisetDeoingratissimlsdisputationibusvestris.

442 1238 509 1293 lllll.
523 1237 581 1293 ιιι..
598 1237 744 1302 l'ostrcmu,
760 1236 786 1290 in
800 1235 927 1291 Ecclesiis
937 1251 996 1304 qum
1009 1249 1132 1305 magnum
1147 1232 1195 1288 bo·

404 1346 500 1387 nororn
514 1331 522 1362 ¹
537 1341 565 1385 et
579 1345 702 1397 inagnum
723 1328 850 1399 populum
874 1327 1041 1397 possideant,
1056 1325 1196 1396 predicari

405 1433 506 1478 ιιιιιιιιιι
521 1421 573 1476 virn
587 1435 647 1476 esse
665 1423 783 1491 peceati,
808 1429 836 1474 ut
855 1428 917 1474 ante
938 1418 1119 1474 membrorum
1139 1417 1196 1471 for-

405 1528 488 1577 mam,
504 1520 567 1567 ante
579 1511 682 1565 initium
696 1510 891 1579 adventumque
903 1509 1010 1574 anime,
1023 1508 1102 1578 jactis
1115 1507 1196 1562 semi·

406 1605 487 1659 nibus
506 1602 696 1672 supervolans,
724 1602 749 1655 in
769 1608 901 1656 secretum
924 1599 1016 1653 matris
1031 1597 1153 1665 invadat,
1169 1607 1196 1652 ct

406 1709 471 1748 reus
483 1691 516 1746 fai
527 1692 564 1747 iat
574 1693 722 1747 nascituros
736 1732 744 1757 ,
757 1700 870 1758 ortuque
883 1690 939 1758 ipso
951 1687 1083 1757 antiquior
1101 1701 1195 1756 erspc·

405 1793 464 1839 ctet
476 1783 549 1852 culpa
560 1782 733 1838 substantiam
743 1797 818 1851 ;quae
828 1780 872 1834 les
881 1778 979 1848 peceati
993 1778 1197 1832 babitansdein·

407 1890 475 1945 ceps
488 1876 514 1929 io
534 1872 680 1940 membris,
700 1873 836 1940 captivum
852 1869 985 1923 lrouainenv
1000 1879 1076 1939 cogat
1094 1867 1196 1923 serviro

406 1965 578 2030 criminibus,
600 1981 654 2018 non
676 1963 851 2033 castigatione
872 1959 899 2013 iu
913 1960 1132 2029 turpitudinibus,
1148 1958 1195 2013 scd

408 2055 590 2112 misericordia
603 2054 752 2124 digniorem
765 2069 771 2104 :
786 2049 1000 2121 quandoquidem
1013 2048 1083 2117 equod
1098 2063 1146 2102 nos
1158 2047 1196 2100 ri·

408 2145 445 2201 tia
458 2161 545 2217 prarae
563 2146 709 2200 saturitatis
723 2158 783 2199 csse
797 2143 925 2208 dicimus,
947 2141 972 2196 id
994 2143 1019 2195 in
1042 2141 1159 2195 Ecclesia
1180 2155 1195 2192 a

406 2236 475 2291 viris
488 2245 514 2291 et
524 2234 632 2290 feminis
644 2234 800 2304 magnisque
813 2231 981 2302 pontificibus
991 2229 1126 2300 originalis
1136 2245 1197 2299 pas·

407 2325 450 2380 sio
464 2334 638 2395 rrurrcupatur.

444 2416 512 2472 Auo.
526 2413 678 2485 Respondet
696 2413 742 2468 tibi
757 2413 914 2468 lrrrbrosios
930 2411 1046 2482 pontifex
1068 2425 1195 2480 magnus,

409 2505 597 2561 haeresiarchae
608 2505 687 2560 vestri
698 2505 859 2559 excellenter
871 2520 918 2558 ure
929 2503 1061 2569 laudatus,
1073 2511 1100 2557 ct
1111 2502 1175 2557 dicit
1187 2519 1195 2556 a

414 2608 423 2639 ι
437 2588 508 2643 ilale
522 2589 577 2643 Eva
590 2588 744 2658 parturivit,
758 2595 786 2641 ut
801 2600 891 2656 partus
906 2587 1067 2656 relinqueret
1079 2585 1197 2639 mulieri·

409 2679 462 2735 bus
478 2677 671 2743 lraereditatem,
687 2686 765 2746 atque
777 2677 956 2746 unnsquisque
976 2677 1198 2744 concupiscentie

411 2768 550 2837 voluptate
560 2777 710 2832 concretus,
721 2775 747 2821 ct
759 2766 918 2835 genitalibus
929 2766 1073 2819 visceribus
1085 2763 1196 2833 inlivsns,

412 2867 439 2914 et
450 2857 604 2928 coagulatus
618 2859 644 2911 in
659 2857 796 2928 sauguine,
812 2857 840 2910 iu
856 2856 949 2925 pannis
963 2856 1109 2917 involutus.
1125 2856 1199 2924 prius

413 2953 515 3008 subiret
527 2951 683 3008 delicturum
702 2951 870 3020 contagium,
890 2963 968 3018 qnam
984 2949 1070 3002 vitalis
1090 2946 1199 3016 spiritus

413 3057 507 3097 munus
517 3040 634 3096 hauriret
649 3060 658 3093 a
671 3039 740 3110 (tit.
753 3040 784 3093 de
795 3038 871 3095 Sace.
882 3055 966 3110 repen.
978 3054 1022 3092 seu
1030 3038 1062 3091 de
1073 3036 1197 3107 Philae).

413 3130 533 3187 Sananda
543 3139 585 3186 est
597 3130 694 3199 itaque,
708 3129 823 3194 taliane,
835 3128 960 3191 irumana,
973 3127 1029 3182 beu
1042 3128 1197 3194 miserante,

415 3233 523 3279 natura:
538 3237 609 3288 noo,
623 3233 650 3278 te
673 3222 787 3277 inaniter
800 3220 980 3285 declamante,
997 3228 1119 3290 tanquam
1134 3233 1198 3275 sena

414 3314 554 3377 budarida.

448 3406 494 3463 tx.
509 3407 567 3463 Jun'
580 3405 643 3461 llaec
654 3420 717 3476 ergo
728 3403 936 3460 Manichaeorum
948 3410 1036 3457 scorta
1047 3401 1199 3471 dogmatum

414 3496 652 3570 irripurissimorum
662 3496 847 3551 lenocinantur
860 3495 967 3550 auribus
977 3495 999 3548 ¹.

450 3593 519 3646 duc.
531 3586 712 3651 Ambrosium,
723 3586 745 3640 si
756 3584 849 3651 aude,
862 3585 1003 3639 criminare
1014 3583 1199 3638 ltanichaeum.

417 3676 530 3732 attende
548 3677 574 3730 in
594 3691 671 3747 quem
687 3675 774 3738 dicas,
797 3674 866 3744 quod
880 3673 919 3727 ris
933 3673 1015 3728 videri
1030 3681 1153 3742 tanquam
1173 3670 1200 3725 in

418 3783 458 3823 aue
472 3768 580 3824 dicere:
593 3776 620 3821 ct
631 3767 654 3820 si
665 3766 732 3819 vrtlns
742 3765 788 3820 tibi
800 3766 841 3820 rel
853 3764 899 3819 bei
914 3763 1002 3830 timor,
1015 3762 1056 3816 vel
1070 3762 1201 3815 liumanus

418 3861 500 3930 pudor
513 3867 569 3924 est,
591 3859 749 3913 conticesce.
771 3857 812 3911 lle
835 3866 940 3926 oportet
959 3871 1019 3910 curn
1038 3854 1135 3908 talibus
1157 3861 1200 3906 tua

417 3951 549 4013 convicia,
571 3963 624 4003 non
639 3948 724 4003 solum
744 3947 884 4015 patienter,
906 3961 996 3999 verum
1016 3945 1095 3999 etiam
1109 3950 1200 4013 gratn-

418 4041 501 4096 lanter
513 4039 624 4095 andire:
644 4037 692 4092 sed
713 4047 739 4090 tu
757 4036 839 4090 debes
854 4038 879 4088 in
899 4035 995 4088 talibus
1015 4032 1162 4086 lacerandis
1174 4039 1202 4086 cl

418 4131 530 4185 bumana
544 4129 705 4184 crubescere
719 4134 746 4181 ct
757 4125 844 4180 divina
859 4123 958 4192 judicia
974 4122 1127 4178 formidare.

450 4222 485 4277 lt.
512 4222 573 4278 Jnu.
597 4220 660 4275 llaec
683 4219 710 4273 in
733 4225 845 4286 ntroqnc
869 4232 934 4271 seru
957 4215 1202 4286 positos-inimicos

417 4322 520 4369 nostros
550 4311 634 4367 urtica
660 4308 824 4371 commovit,
849 4322 908 4376 qam
935 4306 999 4360 olinr
1029 4305 1134 4375 quidem
1161 4303 1202 4358 vi·

418 4405 452 4460 tio
471 4403 548 4458 malae
567 4398 767 4458 consuetudinis
787 4398 897 4452 mordax
918 4397 946 4462 ⁸,
969 4407 1057 4452 tarnen
1077 4395 1203 4451 exhorta-

419 4496 518 4552 tionum
537 4493 692 4550 salutarinm
714 4491 789 4546 velut
811 4490 968 4561 «qubusdam
990 4489 1133 4545 curabatur
1154 4503 1203 4541 un·

434 4590 531 4645 nentis.

418 4604 518 4735 ⁸Aue.
540 4677 630 4735 Urtica
653 4683 786 4747 pungente
810 4675 909 4743 prurit,
932 4672 977 4728 sed
998 4671 1043 4741 qni
1068 4670 1203 4725 libidinem

419 4770 515 4826 laudat.
529 4769 558 4826 Si
571 4777 658 4824 autem
671 4775 778 4838 propter
788 4766 883 4820 malam
894 4762 1123 4827 consuetudinem,
1135 4762 1203 4816 sicet

419 4859 507 4929 sapls⁸
521 4860 617 4914 elamat
628 4859 716 4924 bomo,
730 4856 790 4910 Nun
801 4855 945 4924 quud'uole,
960 4853 1025 4922 {arcio
1036 4852 1146 4916 torturam·
1159 4850 1203 4906 red

418 4951 484 5020 quod
496 4951 555 5006 evulo
567 4951 679 5016 nautum,
695 4950 742 5003 froc
755 4965 803 5019 eqo
817 4946 903 5019 (Rern.
924 4962 975 5009 vn,
993 4946 1036 5017 ab)
1052 4965 1058 5000 :
1075 4955 1147 5000 certe
1161 4945 1203 5000 vcl

354 5038 365 5059 ⁹
419 5043 444 5097 in
457 5044 508 5098 isto
522 5042 641 5098 fatemini
657 5043 798 5096 immanem
812 5039 972 5092 votvrntatcnr
989 5037 1059 5091 vires
1074 5036 1202 5089 bonorum

418 5146 527 5203 operum
542 5130 701 5200 perdidisse,
717 5129 759 5184 cui
778 5128 829 5182 nisi
846 5126 942 5180 diram
956 5125 1047 5195 gratiae
1065 5124 1203 5178 subveniat

419 5222 589 5292 adiutorium,
604 5221 666 5291 quid
678 5220 703 5276 ei
718 5204 827 5289 prodest
838 5219 974 5286 cupiosum
985 5225 1012 5271 et
1023 5226 1144 5270 urriatnm
1158 5231 1204 5270 cu-

416 5312 524 5383 juslibet
536 5313 702 5369 exhortantis
716 5309 870 5380 eloquium?

449 5447 457 5478 ¹
474 5445 599 5495 tteoardas
609 5443 685 5507 primo
693 5442 811 5499 ediderat,
822 5438 1061 5510 nmquumtrunornm.
1071 5439 1205 5500 tignierius

417 5508 533 5563 ettrrcrit,
544 5519 588 5570 naq
638 5518 655 5554 n
676 5504 790 5554 bonorum
807 5515 907 5564 coptum.
925 5502 986 5551 libri
999 5514 1058 5549 vero
1079 5507 1131 5549 ass.
1143 5496 1201 5548 viar.

418 5575 472 5618 tter.
484 5575 578 5618 ctt'ort.
621 5568 694 5622 beot,
711 5576 825 5629 naugerum
840 5564 960 5614 ltorwrem.
980 5568 1004 5609 ln
1023 5561 1128 5610 editione
1148 5562 1203 5610 anui

419 5628 477 5677 teta
488 5629 518 5678 ad
529 5641 594 5678 oram
604 5628 693 5678 codids
703 5633 810 5676 notatum
822 5633 860 5674 cst
872 5638 879 5673 τ
895 5629 991 5681 «rorte,
1011 5634 1122 5686 ntagrrmn
1134 5620 1203 5672 burm·

421 5703 498 5739 recen
509 5697 532 5741 et
550 5690 667 5738 meorum
681 5686 794 5751 pupulam
804 5685 946 5745 possideant.
956 5700 967 5729 ι

448 5752 543 5808 'editi
567 5750 646 5800 scoria
661 5749 798 5812 deputatam
821 5745 1035 5814 irnprrrissimorann
1057 5741 1204 5813 lenocinatur

417 5811 525 5862 ocrim
536 5821 625 5861 ovmres
635 5818 698 5870 tiss,
709 5817 787 5860 scertu
797 5808 932 5871 deputatam
941 5806 1155 5869 imparis-summm
1169 5805 1203 5856 lc-

418 5871 677 5924 mememoratur.

449 5933 460 5966 ⁸
476 5934 610 5991 benardus,
626 5945 679 5994 grate
689 5934 747 5982 dunt
761 5931 859 5993 uiridem
871 5929 927 5981 citio
937 5928 1009 5980 trerdoe
1029 5928 1204 5979 enarretnrtnais

418 5996 519 6045 nwrdet.
532 5996 665 6045 vimicrius
675 6007 729 6054 riute
746 5993 802 6043 dum
814 5995 927 6055 qrruadurn
936 5991 998 6043 ritiiu
1006 5992 1075 6041 natalie
1083 5996 1204 6041 corrsra‘tn·

419 6057 482 6109 aies
493 6032 594 6105 acorriit.
612 6056 759 6115 castigantur
772 6069 802 6103 es
816 6057 988 6118 vivanusniptis.

449 6120 460 6148 ⁶
472 6120 506 6167 sic
518 6125 570 6168 vass.
583 6117 650 6179 attin,
658 6115 747 6200 sqpins.

1056 666 1154 722 tinen
1174 667 1360 727 SECUNDUS.

1959 677 2030 733 tttti

1286 781 1330 836 tit.
1346 782 1404 836 icc.
1421 784 1454 836 nt
1469 798 1538 837 vinive
1553 793 1691 855 postquam
1704 801 1752 857 pro
1764 786 1940 844 medicamine
1952 795 2033 860 coepit

1247 873 1354 935 ollerri,
1370 884 1397 926 et
1415 872 1583 929 delectationi
1606 877 1717 931 accessit
1736 880 1896 944 auctoritas,
1919 890 1948 933 ut
1968 895 2033 934 cun·

1248 978 1328 1017 sensu
1342 965 1350 994 ¹
1365 979 1432 1031 pene
1446 963 1554 1030 mundi,
1570 966 1778 1036 nrcrnbriputens
1791 970 1880 1038 regina
1892 970 2031 1035 mentium,

1248 1054 1421 1123 expugnatrix
1437 1053 1591 1118 launcstatis,
1606 1063 1633 1109 et
1647 1057 1742 1110 invicta
1754 1058 1902 1112 animorum
1913 1060 2032 1113 omnium

1248 1143 1404 1214 captivatrix
1419 1142 1552 1212 turpitudo
1569 1145 1763 1201 baccharetur:
1779 1148 1856 1203 nubis
1872 1158 1971 1218 quanto
1987 1151 2033 1203 lvo·

1249 1236 1358 1301 nestior,
1374 1243 1447 1290 tarvto
1459 1235 1550 1290 durior
1564 1236 1668 1291 tuendae
1682 1239 1801 1294 veritatis
1811 1255 1890 1294 causa
1902 1240 1969 1294 facta
1981 1249 2032 1296 est.

1248 1329 1314 1396 Quia
1328 1335 1420 1383 curatve
1433 1328 1584 1398 praecipites
1605 1330 1715 1399 pupulos
1733 1340 1761 1384 et
1781 1333 1837 1386 suis
1850 1332 1976 1389 remediis
1994 1334 2034 1387 in·

1248 1419 1353 1483 lensus,
1375 1435 1427 1472 arun
1443 1420 1553 1473 inultum
1569 1419 1640 1473 valet
1651 1421 1745 1474 raritas
1765 1423 1886 1476 oratione
1900 1422 2034 1478 medican-

1249 1513 1323 1565 tium.
1339 1510 1407 1577 Quid
1421 1511 1517 1580 igitur?
1533 1509 1663 1565 lacrumae
1674 1511 1784 1581 intuitu,
1802 1513 1922 1583 receptui
1939 1529 2035 1569 canere

1248 1600 1413 1667 debebimus,
1423 1609 1450 1655 et
1459 1601 1633 1655 contumelias
1645 1612 1750 1656 nostras
1758 1602 1840 1655 ultum
1852 1603 1891 1658 ire
1900 1604 2033 1667 sileruio¹,

1248 1705 1280 1745 ac
1298 1691 1331 1747 dc
1353 1692 1522 1745 conscientiae
1543 1701 1621 1760 portu
1635 1692 1748 1746 aliorum
1769 1693 1857 1748 ridere
1881 1693 2036 1764 naufragia?

1250 1781 1346 1837 l'crunt
1360 1783 1517 1837 contradicit
1531 1783 1593 1838 lruic
1611 1784 1684 1850 odio,
1698 1785 1784 1854 primo
1797 1785 1944 1856 benignitas
1955 1803 2036 1856 quam

1248 1872 1338 1940 generi
1352 1872 1623 1938 aelemosinarum
1638 1874 1763 1944 deinceps
1778 1891 1849 1944 spcs,
1866 1876 1941 1942 tides,
1955 1892 2036 1945 quarn

1248 1961 1376 2016 babemus
1389 1963 1415 2016 in
1430 1963 1528 2026 Dennr,
1548 1965 1591 2033 qui
1605 1974 1679 2018 extra
1700 1965 1725 2018 id
1740 1966 1810 2035 quod
1826 1965 1978 2035 frequenter
1989 1965 2036 2020 de-

1247 2063 1367 2123 speratas
1377 2061 1524 2123 temporum
1534 2054 1632 2110 levavit
1642 2057 1746 2122 ruinas;
1760 2058 1935 2111 constantiam
1947 2065 2036 2111 tamen

1248 2159 1326 2212 qnam
1339 2160 1422 2213 usque
1435 2143 1468 2198 ad
1479 2146 1571 2201 mortis
1585 2145 1677 2201 boram
1691 2149 1809 2201 exerceri
1824 2148 1916 2212 voluit,
1932 2148 2035 2203 etiamsi

1249 2235 1337 2287 nullus
1357 2235 1382 2288 in
1403 2237 1603 2303 praesentiarum
1626 2247 1782 2307 sequeretur
1805 2237 1915 2292 effectus
1936 2246 2035 2293 retenta

1249 2325 1464 2379 remuneratione
1479 2326 1596 2380 tluraavit.

1285 2416 1351 2481 rito.
1366 2416 1503 2481 Quomodo
1518 2417 1587 2470 levat
1609 2417 1679 2472 Dens
1697 2417 1787 2472 ruinas
1801 2419 1930 2472 malarum
1944 2419 2035 2473 voluero

1251 2513 1332 2556 tatum
1345 2504 1403 2573 (per
1413 2518 1479 2572 quas
1493 2505 1582 2574 utiquc
1593 2515 1712 2574 tempora
1722 2506 1914 2574 vituperantur,
1929 2506 2035 2576 quando

1251 2605 1322 2650 reete
1337 2595 1545 2667 vituperantur),
1568 2597 1617 2650 nisi
1632 2598 1715 2651 burras
1734 2598 1883 2652 voluiitates
1902 2599 2037 2667 operando

1251 2686 1276 2738 in
1292 2685 1416 2740 cordibus
1436 2686 1593 2740 imminuant
1605 2687 1658 2741 but
1676 2687 1698 2740 si
1720 2697 1846 2755 possunt,
1869 2687 1977 2756 ipsese
1998 2688 2037 2742 le·

1250 2785 1323 2844 vent,
1338 2778 1406 2831 sieut
1416 2777 1615 2833 dementissime
1624 2779 1774 2846 sentiendo,
1786 2794 1880 2848 nvagna
1892 2780 1965 2833 rniiia
1977 2779 2038 2833 faeti

1251 2870 1326 2924 estis.
1343 2868 1417 2924 Unde
1432 2885 1479 2938 pro
1495 2869 1569 2925 vobis
1583 2870 1668 2940 ipsum
1687 2885 1811 2940 rogamus
1824 2911 1830 2925 .
1845 2879 1924 2941 atque
1937 2872 2038 2925 utiraam

1250 2962 1289 3016 sic
1306 2961 1387 3015 etiam
1408 2961 1442 3016 dc
1462 2972 1504 3029 te,
1519 2963 1742 3033 quemadmodum
1765 2963 1799 3018 de
1821 2963 1902 3020 fratrc
1916 2965 2039 3020 'lorban-

1252 3055 1287 3108 tiu
1300 3050 1349 3126 (u),
1366 3069 1415 3109 nos
1428 3054 1553 3110 exavrdirc
1565 3055 1697 3126 dignetur.

1287 3145 1344 3201 th.
1359 3146 1419 3201 tur..
1441 3146 1496 3201 llac
1517 3147 1595 3216 igitur
1609 3148 1670 3204 ddei
1691 3149 1874 3204 consolatione
1893 3147 2039 3218 gaudentes

1252 3235 1439 3291 inamineamus
1453 3247 1540 3306 eoepte
1553 3237 1638 3306 operi,
1651 3247 1679 3292 et
1691 3237 1896 3308 disputationum
1910 3238 2039 3308 promissa

1252 3327 1420 3383 reddamus:
1443 3343 1495 3381 uon
1521 3327 1686 3396 ambigentes
1711 3327 1760 3381 boc
1782 3327 1870 3396 ipsum
1894 3329 2036 3380 roasimarn

1252 3433 1312 3472 esse
1325 3418 1425 3487 praemii
1436 3429 1552 3487 partem,
1569 3419 1630 3486 quia
1649 3418 1675 3470 in
1687 3416 1745 3484 cius
1754 3417 1885 3487 dogmatis
1900 3432 1960 3472 aree
1974 3433 2039 3472 con·

1252 3507 1378 3572 stiaimus,
1394 3506 1537 3576 quodcum
1551 3515 1603 3559 tarn
1617 3506 1761 3560 multorum
1774 3505 1850 3569 livor,
1864 3505 1912 3560 sed
1926 3507 2039 3575 plurium

1253 3615 1327 3656 error
1339 3607 1488 3668 oppugnet3
1505 3607 1593 3651 tanten
1607 3598 1642 3650 ita
1656 3611 1734 3666 supra
1748 3610 1825 3651 casus
1838 3598 1921 3651 evasit
1937 3598 2040 3666 ancipi-

1253 3701 1303 3759 tes,
1319 3698 1349 3744 ut
1360 3688 1519 3744 invincibilis
1528 3690 1599 3742 cluat
1613 3688 1781 3757 possessione
1793 3689 1921 3742 victorin.

1288 3782 1354 3837 aluo.
1371 3781 1430 3851 lpse
1444 3781 1489 3834 tibi
1502 3779 1549 3835 das
1560 3780 1673 3850 palmam
1684 3790 1775 3835 contra
1789 3789 1828 3835 tot
1837 3781 1968 3836 antistites
1982 3782 2039 3844 Dei,

1253 3872 1371 3941 quiante
1394 3886 1458 3937 rios,
1483 3886 1513 3925 ca
1530 3886 1590 3940 que
1603 3885 1755 3943 oppugnas,
1770 3872 1795 3925 in
1810 3871 1927 3926 Ecclesia
1942 3870 2039 3925 Claristi

1252 3963 1415 4027 didicerunt,
1429 3971 1508 4032 atquc
1520 3961 1683 4025 docueruut,
1699 3962 1820 4017 bibentes
1842 3971 1869 4016 ct
1889 3962 2041 4016 rnivaistran-

1254 4064 1294 4110 tcs
1312 4054 1345 4109 de
1365 4054 1374 4085 ³
1397 4053 1514 4109 fientibus
1535 4053 1615 4108 lsrael
1639 4052 1723 4125 (Psut.
1739 4070 1819 4119 usrn,
1833 4053 1889 4123 27).
1905 4053 1960 4108 lloc
1977 4068 2041 4122 crgo

1253 4146 1323 4217 quod
1337 4146 1415 4209 facis,
1432 4161 1485 4201 non
1499 4155 1541 4200 est
1556 4146 1673 4200 victorie
1687 4147 1855 4214 possessione
1873 4146 1976 4211 cluere,
1992 4144 2040 4198 scd

1254 4237 1280 4291 in
1306 4235 1406 4290 odiosae
1431 4235 1588 4304 arrogantie
1620 4235 1736 4289 cloacam
1768 4235 1920 4289 dclunnitcr
1946 4235 2039 4289 fluere.

1253 4325 1472 4394 Cluereqnippc,
1495 4324 1596 4392 pollere
1610 4331 1676 4377 cst:
1699 4325 1834 4393 quomodo
1855 4333 1942 4378 autem
1967 4334 2041 4392 putes

1254 4417 1371 4470 victorie
1392 4415 1559 4485 possessione
1583 4414 1700 4483 pellere,
1725 4414 1769 4482 qui
1794 4414 2041 4469 corvariscatlrotiea

1255 4507 1388 4575 dogmata,
1403 4506 1522 4574 avitique,
1538 4513 1564 4558 et
1578 4503 1673 4558 ianicta
1688 4504 1824 4573 pollueret

1290 4596 1359 4651 xttt.
1374 4595 1434 4652 tus.
1449 4595 1514 4649 Nam
1528 4596 1566 4662 si,
1583 4604 1610 4648 ut
1623 4605 1651 4649 et
1664 4596 1786 4665 superior
1798 4610 1886 4650 scrnto
1899 4594 2039 4664 patefecit,

1255 4696 1282 4743 et
1304 4696 1443 4743 secuturus
1461 4687 1581 4749 docebit,
1596 4686 1722 4756 quidquid
1745 4687 1812 4741 ratio
1836 4694 1891 4751 est,
1914 4686 2041 4757 quidquid

1255 4782 1379 4847 eruditio,
1394 4780 1519 4850 quidquid
1532 4779 1643 4848 justitia,
1662 4778 1789 4847 quidquid
1804 4779 1902 4846 pictas,
1916 4778 2041 4848 quidquid

1256 4870 1466 4925 tcstirraoniurum
1480 4883 1632 4932 sacrorum,
1647 4867 1707 4921 lauic
1722 4866 1791 4935 quud
1808 4876 1912 4921 tuemur
1925 4868 2042 4936 dogmati

1255 4961 1432 5028 suffragatur:
1446 4958 1512 5011 nibil
1523 4956 1594 5010 aliud
1609 4955 1708 5009 inimici
1720 4958 1803 5011 nostri
1818 4966 1873 5023 totu
1888 4958 2041 5026 adipiscun·

1256 5059 1298 5106 tnr
1310 5059 1423 5115 conatu,
1443 5064 1520 5118 quam
1539 5059 1567 5103 ut
1588 5047 1673 5103 doctis
1693 5048 1840 5119 quibusque
1855 5050 2043 5119 imprudentis·

1255 5142 1315 5197 sinvi
1328 5140 1349 5207 ‘,
1363 5140 1463 5195 sanetis
1475 5139 1709 5204 contumacissimi,
1725 5139 1751 5192 in
1766 5139 1848 5193 Deum
1863 5138 2041 5209 profanissimi

1255 5232 1471 5301 comprobentur.

1291 5325 1358 5379 tine.
1373 5321 1424 5377 Sed
1445 5322 1509 5376 falsa
1529 5320 1663 5391 loqueris:
1679 5335 1740 5372 narn
1759 5334 1843 5386 nequo
1856 5319 1939 5383 ratio,
1956 5336 2042 5390 neque

1256 5427 1318 5467 sana
1332 5410 1455 5478 eruditio,
1472 5427 1557 5481 neque
1567 5410 1679 5479 justitia,
1696 5423 1781 5477 vaeque
1796 5409 1888 5476 pictas,
1901 5426 1987 5480 neque
1999 5425 2042 5463 sa-

1256 5521 1299 5559 cra
1314 5504 1461 5558 testimonia
1473 5512 1560 5556 vestro
1571 5500 1685 5570 dugrnati
1698 5499 1887 5569 suffragantum
1902 5501 1965 5565 irato,
1986 5499 2043 5552 lnce

1256 5595 1354 5658 arnaria,
1369 5593 1438 5647 sieut
1450 5591 1476 5644 lai
1487 5591 1531 5660 qui
1544 5597 1615 5644 recte
1626 5589 1772 5659 intelligunt
1783 5589 1910 5657 judicant,
1926 5597 2041 5642 restrum

1256 5685 1350 5756 dogma
1366 5683 1532 5737 sulncrtnnt.
1548 5680 1624 5734 llatio
1637 5680 1732 5749 qnippe
1742 5680 1827 5734 ceruit
1839 5679 1882 5732 vix
1896 5678 1928 5732 ad
1944 5675 2041 5745 aliquid

1289 5866 1295 5895 ¹
1314 5864 1350 5913 sic
1361 5870 1413 5912 tiss.
1426 5861 1493 5918 aliti,
1504 5870 1623 5909 concessu.
1769 5914 1774 5924 ·

1288 5927 1298 5955 ¹
1315 5925 1350 5972 sie
1361 5932 1412 5971 nss.
1426 5922 1491 5980 ratiti,
1504 5926 1595 5969 nodare
1605 5917 1688 5969 alcisci
1696 5916 1796 5967 oderem

1289 5988 1298 6016 ³
1315 5986 1381 6042 sitiri,
1394 5984 1426 6031 in.
1441 5991 1502 6036 ess..
1515 5983 1553 6030 de.

1288 6049 1298 6076 ⁸
1316 6055 1366 6093 vass.
1381 6054 1432 6092 var.
1445 6052 1471 6092 ct
1480 6042 1549 6095 utar..
1563 6040 1595 6089 ina
1605 6039 1770 6091 irritentissinri.

1290 6109 1324 6169 (a)
1341 6119 1421 6166 supra,
1434 6106 1474 6154 tin.
1490 6103 1578 6167 !,oep.
1609 6141 1615 6154 .
