4900 6892
383 608 388 618 ,
486 571 552 625 Ηῦἱ

485 683 553 739 istos
566 683 594 740 in
604 679 679 756 lege¹
692 682 782 755 (Rota.
792 681 902 753 ttt‚‘29);
918 682 979 753 quia
993 696 1046 736 non
1057 692 1113 737 crat
1124 681 1276 738 bidaeurum

490 778 559 831 lictis
574 785 687 844 tantum,
701 775 748 832 sed
762 776 841 831 etiam
852 773 988 839 Gentium,
1003 774 1117 830 reddens
1130 791 1206 830 sunm
1221 777 1280 830 uni-

485 869 581 938 cuique
593 869 652 923 sine
664 868 767 931 lraude,
780 881 839 921 sine
849 876 946 936 gratia,
962 867 987 921 td
1001 876 1042 922 est
1054 868 1112 921 sine
1122 867 1278 937 cujusquam

483 960 639 1030 acceptione
661 972 782 1028 personae
797 958 880 1027 (quud
893 956 1021 1026 exprimit
1035 972 1131 1010 nomen
1145 956 1237 1026 gratiae
1251 956 1278 1010 in

482 1051 640 1106 delinitione
660 1049 799 1121 justitiae),
815 1051 849 1102 ita
872 1046 907 1103 de
924 1048 1026 1102 semine
1044 1047 1182 1102 venientes
1196 1046 1280 1100 tlbra-

484 1142 556 1206 bam,
567 1155 628 1195 cnm
641 1140 763 1209 nequiter
774 1141 875 1203 uicttnt,
887 1139 948 1209 jure
959 1137 1130 1205 condemnat,
1143 1153 1174 1192 ac
1186 1137 1278 1192 desua

483 1233 640 1287 bumilitate
661 1231 817 1301 proturbat,
830 1230 899 1285 sicut
919 1228 998 1285 etiam
1012 1226 1130 1284 Gentiles
1148 1229 1174 1282 in
1195 1228 1277 1282 simili

483 1325 639 1398 operatione
667 1324 871 1393 deprehensosa
901 1330 929 1377 et
950 1337 966 1376 e
989 1321 1114 1390 regione,
1138 1320 1278 1388 utriusque

484 1420 574 1489 populi
595 1419 678 1472 laenas
692 1417 840 1471 uoluntates
853 1424 880 1470 et
891 1429 982 1470 ueram
1002 1413 1081 1467 sidem
1102 1412 1277 1482 probitatem-

464 1498 534 1584 }que
548 1512 682 1567 actionum
696 1509 779 1566 donat
799 1507 903 1578 gaudiis
923 1505 1105 1578 sempiternis.
1119 1504 1278 1574 Comprimit

463 1591 563 1688 {igitur
592 1601 717 1658 Gentium
747 1600 872 1671 Magister
892 1597 1046 1653 ludaeorum
1077 1605 1230 1659 tumorem,
1251 1605 1277 1649 et

466 1689 601 1751 'ostendit
619 1709 673 1750 non
695 1694 722 1747 in
743 1690 891 1748 seminibus
909 1689 1017 1744 bumani
1038 1689 1164 1760 generis,
1179 1687 1228 1742 sed
1249 1687 1276 1742 in

467 1768 470 1775 ⁴
483 1785 603 1840 litoribus
615 1797 677 1840 esse
689 1781 841 1837 distantiam
855 1797 862 1846 ;
883 1787 909 1833 ut
927 1795 956 1834 se
977 1779 1015 1833 illl
1028 1785 1212 1848 agnoscerent,
1225 1776 1275 1830 nisi

483 1875 647 1931 tidelesesse
667 1881 824 1937 manassent,
845 1871 915 1926 nulla
934 1867 1112 1941 praerogativa
1126 1867 1276 1922 circumcisi

482 1965 590 2035 generis
604 1963 778 2019 vindicandos
796 1978 805 2016 t
826 1960 959 2031 siquidem
979 1957 1062 2015 tactu
1084 1967 1111 2013 et
1132 1959 1202 2013 Esau
1223 1955 1286 2011 um=

482 2056 594 2113 seminis
617 2054 775 2129 exceptione
805 2050 947 2120 reticenti,
973 2058 1001 2105 et
1025 2065 1077 2103 arna
1098 2050 1125 2103 ri
1149 2049 1276 2118 parientis

483 2146 571 2210 odissi,
585 2145 707 2202 diuersos
720 2143 832 2199 nimium
844 2142 932 2198 exitus
946 2155 995 2211 pro
1009 2141 1166 2194 meritorum
1188 2138 1276 2192 diver·

483 2237 562 2292 ritate
576 2235 745 2309 pertulerint.

519 2331 586 2384 buo.
601 2328 628 2385 Si
642 2327 788 2384 seruandum
802 2325 959 2396 Apostolum
980 2337 1104 2394 saperes,
1126 2337 1180 2378 non
1203 2339 1277 2378 com-

484 2433 649 2476 memorares
662 2419 713 2473 lioe
726 2419 786 2472 loeo
801 2417 896 2472 merita
909 2413 1002 2478 iacob,
1019 2414 1063 2469 ubi
1078 2428 1139 2468 eum
1154 2414 1218 2466 dicit
1233 2413 1277 2467 itte

483 2529 537 2569 nori
560 2512 739 2583 exoperibus
761 2509 843 2563 tuisse
856 2507 1000 2570 dilectum;
1024 2512 1054 2558 nt
1074 2505 1187 2576 gratiam
1201 2519 1277 2558 com-

485 2605 603 2669 mendet,
626 2617 686 2673 qaum
710 2615 765 2655 non
788 2596 934 2654 secundum
954 2594 1050 2649 merita
1070 2601 1158 2649 nostra
1179 2594 1276 2648 datur:

484 2696 600 2766 alioquin
614 2709 708 2749 merem
723 2708 773 2745 aon
788 2691 938 2759 imputetur,
951 2686 1088 2755 sicutipse
1101 2686 1175 2751 dicit,
1189 2702 1278 2738 arcua-

483 2789 544 2841 dum
570 2786 693 2859 gratiam,
724 2783 768 2838 aed
785 2781 921 2835 seeundum
935 2779 1046 2833 debiturn
1063 2777 1151 2845 (Reor.
1173 2792 1214 2839 tv,
1238 2773 1276 2847 b).

485 2877 587 2947 Quibus
601 2875 689 2932 serbis
711 2872 773 2945 qidd
794 2871 927 2932 attondit,
949 2869 998 2923 nisi
1010 2871 1126 2938 gratiam
1150 2882 1202 2920 rinn
1217 2878 1278 2920 esse

484 2969 612 3034 debitam,
627 2968 675 3024 sed
688 2964 851 3037 gratuitam?
864 2963 938 3018 lianc
952 2963 1042 3030 itaque
1055 2959 1276 3026 commendabat,

484 3061 528 3114 nbi
550 3059 676 3116 dicebat:
691 3055 755 3113 Cant
778 3056 844 3109 enirn
867 3054 979 3107 nondum
1002 3053 1056 3105 noti
1081 3059 1176 3116 errent,
1199 3065 1282 3120 nequo

483 3150 591 3220 egissent
603 3147 701 3218 aliquid
712 3145 771 3201 tout
783 3154 826 3198 out
841 3144 919 3208 mali,
937 3152 964 3195 ut
984 3142 1121 3197 meandum
1134 3141 1279 3194 electionem

484 3241 641 3307 propositam
652 3237 702 3292 net
711 3245 831 3301 attineret,
838 3251 891 3289 *noa
902 3233 1165 3303 connumerandos
1175 3241 1280 3286 rotome

481 3335 579 3388 dietum
599 3340 648 3398 ert,
667 3331 733 3399 Quia
745 3330 829 3400 niujai
840 3329 929 3383 seruiet
941 3327 1033 3380 raineri
1047 3322 1104 3397 (ld.
1120 3341 1159 3390 tx,
1173 3322 1278 3395 tt-tt).

482 3427 559 3478 Clara
573 3431 635 3477 aurit
646 3437 705 3493 qnae
717 3422 864 3476 obscurare
878 3416 1094 3474 conarisaiumos
1108 3415 1279 3480 tolte¹‚Scri·

486 3497 622 3588 maiarum
647 3518 735 3570 bunen
763 3512 881 3569 attende.
906 3512 996 3568 Gratia
1022 3511 1120 3582 quippe
1138 3508 1279 3565 bominem

485 3611 627 3683 praecenit,
652 3616 681 3662 ut
702 3606 795 3678 diligat
809 3605 903 3667 Deum,
919 3618 970 3673 qua
992 3602 1135 3658 dilectione
1155 3607 1281 3670 oqueretur

485 3703 564 3756 buna
581 3697 658 3767 Quod
675 3706 702 3752 et
716 3697 833 3753 loannes
848 3695 984 3766 apostolus
1005 3693 1173 3763 apertissime
1188 3698 1280 3743 osten·

484 3795 533 3858 dit,
550 3792 594 3848 tilii
609 3790 664 3844 ait:
679 3788 735 3842 Noa
748 3788 900 3859 diligamur,
913 3785 1031 3857 qrronimn
1052 3786 1122 3854 prior
1134 3782 1222 3836 dilevit
1233 3795 1280 3834 nes

488 3883 509 3950 tl
522 3881 600 3935 dona.
617 3895 653 3943 iv,
668 3878 725 3946 ta).
735 3876 794 3932 Non
809 3891 873 3946 ergo
885 3875 1030 3945 diligimur,
1046 3874 1106 3943 qnia
1121 3872 1278 3937 dileximns3

484 3972 531 4026 sed
545 3971 605 4039 rnna
619 3968 711 4023 dilecti
724 3981 826 4032 snmus,
841 3963 1011 4036 diligamus⁸.

521 4057 651 4116 extitit.
670 4057 728 4114 iet.
748 4055 818 4111 Esau
839 4056 910 4112 enim
923 4054 1050 4126 proianus
1071 4061 1099 4108 et
1119 4052 1279 4119 tondeatur,

488 4163 597 4225 propter
610 4165 689 4205 unam
709 4164 798 4204 escam
820 4147 940 4203 tendens
963 4145 1097 4217 primitiva
1118 4158 1165 4200 sua
1181 4141 1279 4213 (Heba.

487 4260 537 4310 stt,
554 4240 616 4314 tt),
640 4242 760 4311 quastrtt
785 4237 997 4292 benedictionem
1013 4251 1091 4305 quam
1114 4232 1279 4304 spreveram,

488 4349 539 4391 neo
555 4334 665 4402 adeptus
677 4339 727 4396 est,
742 4343 893 4400 quanquam
907 4342 966 4382 eam
982 4341 1042 4383 cum
1060 4326 1183 4398 lacrymis
1195 4339 1281 4394 popo-

488 4426 583 4480 scissrt
601 4461 608 4477 .
623 4421 807 4479 incubantem
822 4419 929 4490 quietus
942 4427 969 4474 et
983 4418 1071 4483 initis,
1089 4415 1218 4472 obediens
1231 4429 1278 4484 pa·

492 4527 602 4572 tentum
620 4512 778 4587 praroeptis,
793 4522 821 4567 ct
839 4510 1079 4586 sanctificationum
1093 4488 1282 4589 appeientisst-

492 4624 561 4672 titan,
579 4605 613 4661 ad
636 4603 689 4660 bob
708 4615 794 4674 usque
805 4610 948 4672 provectus
960 4601 1030 4668 est⁸,
1045 4609 1074 4654 nt
1088 4598 1156 4655 eleni
1167 4598 1281 4652 bbralne

492 4711 520 4752 rt
542 4692 684 4764 baaci'ila
702 4695 782 4751 ctiam
795 4690 916 4749 etiacob
938 4693 1007 4747 bens
1029 4675 1168 4771 infsfanmn
1183 4691 1282 4761 populo

493 4767 720 4867 dimmitteilum
732 4785 813 4857 igitur
833 4783 957 4838 omnibus
977 4770 1112 4863 cobdtbret
1133 4782 1280 4851 excitantis,

492 4877 667 4951 lle;·in1usto
689 4878 791 4950 iudicio
814 4876 892 4931 bonls
912 4862 1044 4932 mentiiiiis
1069 4874 1095 4928 in
1115 4889 1282 4945 quacumque

492 4978 572 5041 grinte
594 4987 668 5026 snam
682 4969 892 5026 miscricordiam
908 4983 962 5023 non
977 4964 1091 5038 begare,
1114 4969 1196 5021 malas
1217 4982 1282 5021 vero

457 5062 461 5071 '
491 5071 594 5116 riieiites
603 5060 674 5115 nulla
688 5060 777 5115 sinere
787 5059 878 5129 stirpis
890 5058 1027 5114 nobilitate
1040 5055 1163 5117 delendi:
1181 5057 1281 5112 intelli-

458 5165 463 5169 ·
489 5152 580 5223 gerent
590 5149 684 5211 iudai,
694 5149 818 5205 Gentium
831 5147 909 5203 ladem
923 5140 979 5204 asc
988 5146 1089 5215 despici
1101 5162 1154 5202 nnn
1165 5146 1281 5203 debere:

489 5232 549 5313 quta
572 5241 642 5296 sicut
666 5255 720 5293 non
745 5240 926 5308 purneinatur
949 5231 1125 5309 lsiaelitarmn
1150 5245 1283 5292 sternata·

459 5336 462 5341 ’
488 5333 655 5399 criminibus,
669 5331 703 5386 ita
713 5333 791 5387 etiam
804 5329 876 5385 utillo
888 5328 1078 5400 impedimento
1089 5330 1282 5386 cst'Gentinm

520 5560 529 5593 ⁸
542 5559 584 5608 ttlc
595 5569 627 5607 ex
639 5561 692 5604 tiss.
704 5554 837 5618 arljicrmus,
849 5556 872 5603 et
881 5549 939 5614 istos
949 5546 1040 5614 inqur.

519 5627 529 5652 ¹
541 5620 608 5678 inliti,
620 5616 696 5681 bruna
707 5622 758 5666 tuos
767 5615 831 5665 tolle.
843 5613 991 5676 nniuscrlpti
999 5629 1004 5674 q
1013 5616 1156 5682 ractcreunt,
1165 5615 1224 5662 bros.

522 5683 578 5732 ¹sic
594 5687 647 5729 ttae.
658 5676 720 5726 clar.
730 5684 757 5726 et
767 5683 822 5725 nar.
834 5682 863 5725 tt
880 5676 951 5732 ratiti,
963 5685 1009 5723 iton
1019 5685 1077 5736 erqo
1086 5671 1218 5736 diligimur,
1232 5669 1289 5734 quta

490 5743 636 5801 dit-uinum
645 5738 688 5791 sed
700 5737 756 5801 qnia
766 5734 849 5787 dilecti
868 5749 965 5794 amatu,
977 5732 1110 5799 diligintua.

519 5810 530 5838 ⁸
540 5803 609 5863 tutti,
618 5804 765 5867 sperarem.
773 5799 921 5861 mulgentur
933 5807 964 5845 ex
974 5802 1027 5845 ttss.

520 5869 575 5916 ⁸ltu
586 5865 611 5915 in
620 5871 674 5913 nse.
683 5867 711 5912 tt
721 5861 747 5910 ln
758 5859 837 5918 editis,
848 5859 968 5921 profectius
978 5863 1021 5907 ert.

521 5930 530 5960 ⁸
541 5926 623 5978 tardes
634 5930 701 5984 itam,
712 5929 812 5984 tteganu.
823 5920 860 5968 sic
871 5931 943 5982 supra
953 5954 960 5978 ,
972 5930 1025 5983 esp.
1042 5919 1067 5979 5,
1080 5930 1137 5980 qro,
1157 5922 1288 5976 siromaste,

490 5987 643 6047 proterebat,
656 5989 783 6053 ergastule..
937 6041 942 6050 Ι
1018 6039 1023 6049 1
1301 5981 1303 5985 ”

521 6053 532 6084 ¹
543 6050 624 6098 tudes
631 6055 696 6105 itan,
707 6044 821 6097 ttrrroon
832 6039 923 6091 sattim
935 6041 1127 6101 irnpedrmru'nm
1143 6045 1186 6090 est.

792 6212 824 6253 ιι

824 567 949 627 enanis
968 565 1173 627 mrenrecn
1191 569 1327 626 cunrat
1347 557 1530 631 mutuabit.
1547 565 1578 626 s.
1602 568 1785 632 aunustmt
2059 577 2104 634 aa
2126 642 2129 647 ,

1333 685 1409 756 origo
1423 686 1570 742 uirtutibus
1587 685 1644 743 lloc
1658 703 1722 759 ergo
1744 695 1827 743 totum
1847 703 1928 757 agens
1941 686 2065 742 corillictu
2079 689 2124 742 itlu

1332 775 1491 842 Apostolus3
1515 780 1541 830 in
1563 778 1721 846 quibusdam
1737 788 1824 833 tamen
1841 779 1917 846 locis,
1931 779 1963 833 ad
1979 781 2124 833 incurran-

1331 862 1391 917 dam
1404 865 1623 920 circumcisorum
1636 868 1830 937 arrogantiam,
1847 869 1896 922 sub
1911 869 2018 923 ttortriue
2031 872 2125 939 gratius

1331 955 1364 1010 de
1376 957 1432 1011 sola
1448 958 1495 1012 liei
1509 960 1665 1030 prejudicat
1680 971 1820 1031 potestate.

1366 1049 1433 1103 bro.
1455 1049 1524 1120 Ergo
1541 1050 1574 1104 ad
1596 1053 1784 1107 incurvandam
1808 1054 2025 1109 circumcisorum
2048 1071 2111 1110 arro

1329 1142 1465 1208 gantiam,
1489 1141 1540 1197 sub
1562 1144 1669 1199 rioriiine
1689 1145 1781 1215 gratiae
1804 1147 1930 1200 mentitur
1955 1146 2121 1216 Apostolus;

1330 1245 1390 1284 nam
1407 1231 1476 1286 Deus
1488 1247 1520 1287 ex
1534 1234 1661 1302 operibus
1674 1235 1770 1304 eligit¹,
1786 1250 1839 1290 non
1853 1251 1886 1290 ex
1899 1235 1993 1306 gratia.
2008 1236 2074 1302 Quis
2087 1237 2123 1290 ita

1329 1324 1424 1392 sapiat,
1440 1324 1489 1378 nisi
1505 1324 1647 1381 baronius
1662 1326 1787 1382 inimicus
1797 1329 1899 1397 gratiae,
1913 1330 2015 1383 amicus
2027 1345 2125 1399 supcr-

1329 1415 1397 1470 biael
1410 1416 1513 1472 Clamat
1525 1433 1571 1473 ras
1585 1418 1736 1484 electionis,
1748 1429 1775 1474 et
1786 1419 1888 1489 gratiae,
1902 1435 1952 1489 qua
1964 1420 2025 1475 talis
2038 1419 2125 1474 lactus

1329 1517 1380 1570 est,
1392 1507 1561 1576 praedicator,
1572 1524 1624 1564 non
1636 1523 1668 1565 ex
1680 1510 1806 1579 operibus
1817 1509 1944 1564 dilectum
1952 1523 2012 1564 esse
2020 1509 2104 1564 iacob
2116 1527 2123 1565 :

1329 1606 1356 1652 et
1371 1607 1397 1653 tn
1414 1614 1610 1654 commemoras
1624 1615 1705 1670 opera
1722 1599 1820 1667 Jacob,
1841 1615 1873 1655 ex
1896 1600 1992 1671 quibus
2006 1616 2067 1657 eum
2080 1602 2124 1655 di·

1329 1689 1426 1744 lectum
1438 1705 1498 1746 esse
1509 1692 1665 1757 contendis;
1679 1700 1705 1747 et
1720 1690 1772 1746 boc
1785 1690 1896 1754 iaciens,
1911 1691 1976 1745 mibi
1991 1702 2017 1747 tc
2029 1692 2125 1746 existi-

1330 1794 1387 1838 mas
1396 1779 1592 1849 contradicere,
1615 1797 1676 1836 cnm
1696 1781 1734 1837 sis
1746 1795 1832 1836 nouus
1844 1780 2034 1844 Antichristus,
2046 1782 2126 1851 cique

1329 1874 1496 1941 apertissime
1508 1873 1677 1928 contradicas
1700 1873 1727 1927 in
1746 1887 1800 1942 quo
1822 1872 1927 1927 locutus
1946 1881 1987 1927 est
2001 1869 2127 1927 Cbristus

1330 1962 1362 2031 (tt
1375 1963 1434 2017 Cor.
1449 1977 1509 2028 xm,
1526 1961 1567 2033 ὅ).

1364 2053 1579 2110 extantium
1597 2052 1634 2110 tn
1653 2055 1705 2109 illis
1724 2056 1751 2108 in
1766 2053 1971 2110 cerimoniarum
1985 2064 2012 2110 et
2024 2053 2112 2108 bostia

1329 2161 1388 2199 rum
1402 2144 1589 2200 observatione
1602 2145 1791 2215 gloriantibus,
1807 2160 1907 2215 perque
1923 2145 1973 2199 bne
1986 2145 2109 2199 testimari

1330 2236 1400 2290 tibus
1410 2235 1477 2292 alias
1490 2237 1612 2293 nationes
1626 2237 1707 2292 nullis
1721 2237 1787 2308 legis
1801 2237 1896 2292 ritibus
1908 2246 2081 2292 consecratas
2091 2237 2127 2290 ad

1329 2325 1494 2380 consortium
1508 2326 1550 2380 sui
1566 2339 1616 2381 nec
1628 2340 1707 2396 posse
1720 2325 1825 2381 admitti
1837 2326 1936 2386 subito,
1952 2341 2000 2380 nec
2014 2325 2126 2387 dtibere,

1330 2417 1450 2483 diceret,
1475 2418 1535 2490 qnia
1563 2419 1613 2473 etsi
1643 2419 1668 2473 in
1692 2418 1745 2473 illis
1776 2418 2006 2473 observationibus
2032 2417 2128 2471 inisset

1330 2524 1433 2564 summa
1445 2509 1566 2580 justitiae,
1578 2510 1690 2567 baberet
1704 2520 1790 2564 tamen
1803 2511 1828 2564 in
1841 2519 1973 2580 potestate
1984 2525 2031 2564 sua
2043 2510 2125 2568 beris.

1330 2603 1472 2670 quamdam
1486 2599 1576 2658 iacere
1590 2601 1750 2674 populorum
1764 2601 2019 2664 conmutationem,
2036 2610 2066 2654 ut
2080 2617 2127 2654 re·

1328 2689 1424 2758 jieeret
1446 2706 1513 2760 qnos
1536 2691 1626 2758 uellet,
1650 2700 1678 2747 et
1701 2706 1769 2762 quos
1793 2691 1873 2746 vellet
1893 2702 2052 2747 assumeret.
2076 2691 2127 2745 Cui

1331 2783 1420 2838 sensui
1441 2783 1586 2852 respondet
1619 2784 1690 2839 snb¹
1717 2799 1832 2853 pomona
1856 2782 2032 2849 iudaeorum,
2061 2783 2129 2838 nibil

1330 2872 1429 2929 debere
1448 2872 1503 2945 jam
1516 2875 1585 2946 exigi
1601 2875 1634 2930 ab
1648 2875 1764 2929 bominis
1778 2877 1933 2940 uoluntate;
1957 2876 2128 2946 quandoqui-

1330 2967 1390 3021 dem
1401 2967 1485 3029 Dcus,
1501 2969 1574 3037 enirn
1589 2967 1640 3022 ruit
1655 2975 1800 3034 adteretur,
1818 2977 1840 3022 et
1855 2985 1929 3039 quem
1942 2968 1993 3021 uult
2006 2966 2127 3020 obduret.

1330 3060 1371 3114 Ad
1386 3060 1455 3131 quod
1471 3059 1551 3115 relcrt
1566 3060 1726 3130 Apostolus,
1743 3059 1862 3123 Otromo,
1879 3070 1905 3112 ιιι
1918 3059 1973 3128 quis
1989 3075 2014 3111 es
2034 3059 2079 3124 qui
2090 3073 2130 3110 re·

1328 3151 1455 3220 spondeus
1471 3149 1678 3205 brutuitatem
1692 3151 1871 3206 testimoninm
1887 3147 2024 3218 propbetau
2041 3146 2127 3206 isaim,

1332 3238 1360 3296 Ν
1362 3241 1465 3311 arariquid
1474 3240 1544 3307 dicit,
1554 3240 1649 3311 inquit,
1661 3242 1808 3312 figmentum
1820 3239 1893 3309 eiqut'
1903 3255 1930 3292 ae
1937 3237 2022 3305 duait:
2033 3235 2130 3308 thnid

1331 3347 1372 3386 me
1393 3331 1474 3403 sedati
1496 3331 1552 3385 rie?
1574 3330 1707 3401 Additque
1725 3330 1758 3385 de
1773 3345 1822 3384 sno
1836 3347 1841 3383 :
1857 3325 2067 3382 uninomina
2081 3342 2130 3394 po-

1332 3431 1445 3476 testatem
1466 3422 1560 3492 figatur
1577 3421 1642 3474 iuti*
1662 3437 1694 3475 ea
1707 3421 1793 3474 eodem
1812 3436 1895 3473 niuem
1908 3421 1990 3489 [ocem
2002 3417 2072 3469 oiirrd
2086 3432 2131 3469 rur

1332 3511 1508 3574 intrusorem,
1527 3511 1598 3566 alind
1617 3512 1644 3565 in
1655 3511 1833 3564 contumeliam
1846 3507 1934 3581 (Runa.
1953 3524 1995 3572 tx,
2011 3506 2055 3570 ts,
2074 3506 2127 3572 20,

1331 3601 1399 3672 titt
1423 3601 1458 3656 tn
1471 3610 1512 3657 est
1526 3617 1621 3656 sensns
1635 3601 1786 3673 ejusmodi:
1799 3601 1865 3668 Quia
1880 3615 1929 3670 rgo
1943 3597 2130 3653 communitati

1331 3693 1495 3749 voluntatem
1511 3691 1817 3760 liei,auctoritatcmque
1832 3691 1923 3761 gratiae
1934 3689 1992 3760 ejus
2006 3688 2129 3756 exposui,

1332 3784 1424 3840 dicens
1444 3783 1516 3854 qnod
1538 3783 1748 3838 miscricordiam
1761 3791 1916 3851 prestaret,
1938 3779 2131 3849 cttjttscmnqtte

1332 3877 1457 3930 misertus
1471 3875 1578 3941 bdsset;
1593 3885 1620 3929 tu
1636 3874 1700 3928 mibi
1712 3917 1719 3941 ,
1733 3874 1852 3930 nitidae
1863 3916 1871 3938 ‚
1884 3872 2043 3927 calumniam
2062 3886 2130 3923 crin·

1332 3965 1438 4033 citasti,
1462 3966 1538 4037 quasi
1552 3966 1748 4022 commendatio
1770 3965 1872 4037 prolata
1894 3980 1907 4018 a
1928 3979 1970 4019 me
1987 3963 2132 4018 uoluntatis
2171 3966 2177 3977 “

1333 4067 1360 4116 ct
1373 4060 1510 4130 potestatis
1522 4058 1620 4114 dirinae
1639 4059 1672 4113 ad
1686 4059 1819 4113 excidium
1840 4057 1951 4127 justitiae
1976 4055 2046 4108 illius
2070 4069 2132 4122 pet·

1333 4151 1430 4206 littetet
1441 4168 1448 4204 :
1459 4160 1486 4206 et
1501 4151 1561 4221 quia
1576 4149 1630 4204 dixi
1644 4191 1651 4214 ‚
1668 4148 1740 4203 Facit
1753 4148 1824 4217 quod
1837 4148 1906 4210 vttlt;
1929 4154 2132 4216 argumentatus

1333 4257 1364 4298 cs
1378 4241 1443 4296 nibil
1456 4241 1511 4310 jam
1526 4243 1629 4309 reposci
1644 4240 1677 4292 ab
1691 4240 1807 4293 bominis
1821 4239 1954 4293 uoluntate
1973 4237 2090 4302 dobere,
2107 4237 2131 4289 si

1335 4334 1407 4388 bens
1421 4341 1505 4387 totum
1517 4346 1623 4402 prosua
1639 4330 1738 4386 laceret
1748 4331 1901 4392 voluntate;
1923 4344 1983 4384 cnm
2006 4343 2132 4398 persona

1333 4425 1449 4496 dignitas
1471 4425 1559 4478 locum
1583 4423 1726 4478 excluserit
1739 4422 1905 4493 quaestionis.
1921 4421 1985 4475 b'am
2003 4420 2025 4474 si
2047 4419 2132 4503 §sis-

1334 4533 1406 4582 sem,
1431 4515 1505 4572 Facit
1519 4516 1590 4571 Deus
1602 4515 1674 4585 quod
1688 4516 1767 4571 debet
1786 4514 1933 4571 secundum
1952 4513 2061 4584 justitiae
2074 4528 2132 4568 suae

1335 4605 1505 4684 leges-quac⁸
1518 4605 1552 4660 de
1563 4607 1664 4662 nteritis
1673 4605 1774 4676 judicat
1782 4606 1961 4676 singulorum3
1973 4603 2038 4657 nibil
2050 4603 2132 4673 quale

1335 4711 1407 4753 iatine
1419 4695 1526 4764 objtcta,
1540 4695 1634 4766 utiquc
1650 4695 1787 4751 retulisses
1800 4713 1806 4749 :
1819 4711 1889 4750 riunc
1903 4708 1967 4749 aero
1981 4693 2043 4762 quia
2058 4692 2131 4753 disi,

1330 4788 1410 4843 ‘Facit
1431 4786 1501 4842 Deus
1522 4785 1593 4857 quod
1613 4787 1683 4852 rult;
1706 4787 1805 4857 putasti
1829 4799 1871 4839 me
1892 4784 1991 4855 aliquid
2014 4782 2132 4837 iuratum

1336 4893 1395 4946 esse
1411 4877 1444 4931 de
1455 4877 1565 4946 justitia
1578 4875 1715 4947 dignitate.
1728 4874 1877 4946 Utrumque
1896 4874 1975 4943 igitur
1995 4873 2064 4927 idem
2079 4882 2131 4927 cst.

1336 4969 1475 5025 Nemeum
1489 4967 1591 5022 debeo
1606 4968 1683 5031 alien,
1704 4967 1779 5021 Facit
1797 4966 1868 5036 quod
1890 4966 1964 5029 rult;
1980 4964 2046 5018 nibil
2058 4962 2132 5019 aliud

1337 5060 1408 5122 dico,
1422 5075 1518 5126 quam,
1532 5057 1607 5112 Facit
1627 5062 1697 5122 qnod
1718 5057 1817 5111 debet:
1831 5057 1892 5128 quia
1913 5056 1969 5111 scio
1984 5070 2046 5109 enm
2065 5052 2134 5108 nibil

1338 5150 1408 5204 aliud
1425 5149 1493 5204 selle
1511 5163 1590 5218 qnam
1605 5147 1697 5204 debct.
1710 5147 1763 5203 Ubi
1778 5163 1842 5217 ergo
1857 5144 2069 5214 inseparabiliter
2084 5159 2134 5199 co·

1339 5243 1555 5298 luiitascobaret
1578 5241 1695 5306 aequitati
1717 5253 1912 5310 quamcumque
1926 5237 1960 5293 de
1979 5236 2031 5292 illis
2043 5237 2133 5291 nomi-

1341 5348 1449 5399 navero,
1465 5341 1606 5401 utramque
1619 5332 1730 5402 signari.

1375 5428 1441 5481 bue.
1453 5423 1659 5491 Quoniodolibct
1673 5423 1746 5477 dicas
1761 5423 1843 5478 ileum
1855 5421 1941 5477 tacere
1953 5419 2024 5491 quod
2036 5420 2134 5485 debet;

1339 5518 1448 5589 gratiam
1464 5517 1563 5571 nemini
1584 5514 1673 5582 debet,
1695 5516 1839 5586 multisque
1859 5531 1911 5570 nou
1925 5513 2012 5569 reddit
2032 5513 2135 5584 suppli·

1372 5673 1381 5703 ¹
1392 5672 1438 5720 sic.
1450 5677 1503 5719 ttss.
1515 5676 1571 5719 itur.
1581 5675 1607 5719 et
1616 5667 1676 5718 clm.
1688 5669 1747 5719 mitt
1758 5682 1826 5731 vero,
1837 5665 1916 5734 elegit.

1373 5735 1383 5764 ¹
1395 5732 1520 5791 carticula,
1532 5731 1584 5791 areb,
1596 5732 1690 5782 abesto
1703 5738 1743 5780 tts.
1754 5736 1812 5781 ttar.

1302 5792 1307 5802 '
1373 5791 1583 5855 ‘benarduslegit
1595 5793 1678 5853 etiarn,
1699 5799 1740 5842 urit
1755 5806 1810 5843 raon.
1828 5791 1972 5855 rtgntertus,
1986 5802 2081 5851 minem·
2100 5787 2138 5841 sie

1344 5856 1417 5904 etiam
1429 5851 1536 5916 irrigata.
1580 5862 1608 5901 bt.

1372 5915 1467 5973 tuditi,
1488 5913 1576 5977 tiqrrlus
1595 5927 1627 5964 ea
1647 5915 1731 5966 rodem
1751 5928 1840 5977 memo,
1866 5914 1972 5976 omisa,
1994 5909 2053 5974 lati,
2070 5909 2141 5978 quod

1320 6001 1324 6010 ·
1341 5979 1442 6024 rcrlann
1455 5990 1486 6024 cx
1500 5987 1549 6024 uss.
1564 5977 1702 6039 adimimus.

1374 6041 1432 6086 ⁸tls.
1448 6047 1456 6081 ι
1466 6050 1510 6094 ac,
1522 6037 1570 6097 qai.
2137 6046 2142 6085 t
