4900 6892
369 632 443 690 {5⁰9

370 746 408 802 illi
423 762 478 801 nou
491 747 594 815 ecquale
608 748 651 816 qui
665 744 739 804 iecit.
752 744 825 798 Fecit
841 743 910 797 enim
926 742 996 796 Deus
1011 741 1099 795 omnia
1117 741 1166 795 lui·

369 852 404 892 na
420 837 496 891 valde
516 837 592 906 (Gt‘tt.
609 852 634 901 t,
649 836 695 904 51)
709 853 715 900 ;
736 835 781 888 sed
801 850 851 887 uon
872 848 976 887 sruutne
991 832 1078 896 botta,
1098 832 1165 885 sicut

367 939 411 985 est
427 928 485 1000 ipse
497 946 503 982 :
516 945 574 998 quas
589 938 676 982 tameo
692 927 761 982 bona
777 926 980 993 qualiacumque
996 937 1048 977 noo
1063 930 1163 985 esseut,

368 1020 422 1075 uisi
445 1036 475 1076 ea
502 1019 608 1074 fecisset
628 1032 733 1073 summe
755 1017 860 1081 bonus3
885 1030 933 1070 nee
953 1013 1089 1067 mutabilia
1113 1012 1165 1066 ulla

369 1112 441 1167 bona
456 1118 556 1174 esseut,
571 1110 622 1163 nisi
636 1124 667 1164 ea
684 1108 789 1162 fecisset
802 1104 1003 1159 immutabiliter
1015 1104 1110 1157 bouus.
1127 1102 1165 1155 lle

369 1219 420 1275 pet·
443 1203 503 1269 boe,
527 1201 663 1256 llauicltaei
685 1216 745 1255 cum
768 1209 892 1270 quarunt
911 1214 926 1252 a
948 1197 1025 1252 nolus
1043 1196 1112 1251 tttttlo
1131 1197 1166 1249 sit

367 1296 490 1362 ntalem,
510 1295 631 1349 nolentes
650 1293 818 1348 introducere
838 1292 937 1346 naulum
969 1292 1024 1345 beo
1052 1302 1164 1344 coaeter-

369 1402 447 1452 nutn,
463 1386 611 1440 nescientes
626 1384 689 1455 quid
704 1385 738 1438 sit
750 1383 860 1448 tualum,
876 1382 954 1452 idque
969 1390 1090 1450 putarttes
1105 1395 1165 1434 esse

366 1484 494 1529 staturam
513 1487 593 1544 atque
614 1474 788 1528 substantium
804 1471 1018 1540 :respondemus
1039 1471 1088 1535 eis,
1112 1485 1164 1525 ιιοιι

368 1578 432 1620 esse
454 1565 553 1618 malum
578 1580 610 1618 ex
634 1564 700 1632 Deo,
725 1578 813 1632 neque
836 1573 997 1616 comernum
1021 1562 1094 1627 Doo;
1117 1561 1165 1615 sed
1195 1634 1197 1639 Ι

368 1654 472 1709 malum
489 1663 576 1708 ortum
591 1667 652 1710 esse
666 1669 698 1709 et
714 1651 798 1707 libera
811 1652 948 1707 voluntate
963 1662 1065 1706 nattum
1082 1652 1164 1706 ratio-

369 1744 450 1809 nalis,
465 1760 525 1815 quac
539 1744 606 1798 boue
620 1759 635 1798 a
650 1744 721 1798 bono
734 1742 839 1796 corulita
852 1752 892 1797 est
906 1758 914 1806 ;
928 1743 974 1797 sed
988 1742 1092 1796 bouitas
1106 1742 1164 1810 ejus

368 1848 426 1889 non
450 1842 491 1890 est
510 1833 619 1903 aqualis
637 1833 747 1887 bouitati
766 1831 917 1887 conditoris
939 1832 1016 1901 eitts;
1039 1833 1163 1902 qttouiaut

368 1940 425 1979 uon
440 1933 551 1988 natura,
572 1923 619 1978 sed
633 1938 701 1992 opus
715 1922 772 1993 ejus
791 1930 851 1986 est;
867 1921 979 1992 ideoque
994 1921 1085 1976 babuit
1099 1937 1163 1992 pec·

368 2015 450 2070 caudi
468 2013 687 2085 possibilitatem,
709 2029 761 2067 nou
782 2021 870 2067 tamen
889 2013 1085 2068 necessitatem.
1110 2013 1164 2069 Nee

368 2106 573 2177 possibilitatem
587 2111 675 2160 autem
688 2104 809 2168 baberet,
823 2105 845 2159 si
859 2105 905 2159 Dei
918 2114 1010 2159 tratura
1024 2114 1104 2172 essct,
1118 2107 1163 2175 qui

368 2210 481 2266 peccaro
492 2210 541 2252 nee
551 2196 607 2250 vult
619 2211 707 2265 posse,
721 2210 771 2252 uec
784 2204 870 2266 potest
881 2196 959 2250 velle.
974 2196 1163 2252 Verumtamen

367 2286 507 2342 rationalis
520 2288 571 2342 ista
586 2296 681 2341 natura
696 2287 721 2340 io
742 2285 793 2341 bae
812 2286 986 2355 possibilitate
1000 2287 1125 2356 peccandi
1140 2288 1162 2342 si

368 2390 424 2431 nou
437 2385 581 2445 peccasset,
595 2376 702 2446 quaudo
712 2391 824 2446 peceare
835 2376 975 2445 potuisset,
990 2392 1114 2446 maguum
1125 2378 1163 2432 si·

366 2465 395 2521 bl
407 2466 531 2521 meritum
541 2475 723 2536 comparasset
734 2465 826 2534 :cujus
837 2466 923 2518 rueriti
935 2466 1073 2533 praeratum
1084 2468 1163 2520 etiam

365 2554 421 2611 boc
444 2564 530 2621 esset,
547 2565 577 2610 ut
593 2556 695 2625 majore
713 2553 838 2609 Felicitate
857 2571 968 2623 peceare
988 2572 1041 2610 non
1060 2565 1161 2625 posset.

365 2644 423 2701 Sed
440 2644 493 2699 boe
506 2643 598 2699 audito
611 2644 772 2699 blaniebaeus
785 2643 873 2699 adbuc
888 2645 983 2714 pergit,
999 2652 1026 2701 ct
1040 2644 1104 2699 dicit
1116 2664 1123 2699 :
1135 2646 1163 2701 Si

365 2749 401 2791 ox
424 2733 509 2790 libera
524 2735 659 2789 voluntate
672 2746 772 2789 naturae
784 2734 921 2789 rationalis
933 2743 974 2789 est
988 2736 1095 2800 malum,
1111 2752 1162 2791 tan-

366 2826 402 2883 tle
415 2835 478 2881 suot
493 2827 543 2879 ista
558 2835 596 2881 tot
609 2826 688 2892 mala,
702 2841 762 2881 cum
775 2826 872 2895 quibus
883 2826 957 2880 nasci
970 2825 1102 2892 ridemus,
1116 2826 1163 2898 qui

366 2915 487 2973 nondum
497 2915 625 2971 libertate
645 2915 788 2970 voluntatis
808 2915 939 2970 utuntur?
954 2915 1029 2971 Unde
1043 2924 1085 2971 est
1098 2932 1163 2971 cou-

366 3009 549 3080 cupisceotta,
562 3023 614 3079 qua
627 3022 689 3063 earo
702 3007 866 3078 concupiscit
879 3007 1007 3063 adversus
1020 3008 1140 3078 spiritum
1153 3050 1160 3075 ,

366 3099 442 3156 etad
462 3108 599 3168 peccatum
619 3097 825 3168 perpetrandum
846 3096 943 3163 trabit,
964 3098 1014 3153 uisi
1033 3098 1160 3153 adversus

366 3204 428 3247 osta
450 3191 557 3260 spiritus
578 3188 673 3243 lortius
693 3188 884 3258 concupiscat?
904 3186 979 3243 Unde
1002 3188 1029 3244 iu
1053 3188 1160 3246 bomine

365 3296 422 3335 nno
436 3280 545 3335 duarum
561 3295 662 3345 roruru,
678 3294 710 3333 ert
726 3278 822 3348 quibus
837 3286 953 3346 constat,
969 3287 1040 3333 tauta
1055 3279 1159 3334 tliseor·

365 3371 433 3427 dia?
449 3371 522 3427 liudo
536 3371 579 3426 lex
596 3371 621 3424 iu
643 3369 770 3425 membris
796 3384 946 3441 repugnans
973 3370 1023 3439 legi
1051 3375 1157 3438 nictatio,

364 3463 426 3519 sine
439 3478 490 3533 qua
507 3463 565 3532 lege
579 3476 658 3517 nemo
672 3460 808 3517 nascitur?
824 3461 898 3515 llude
914 3470 951 3516 tot
966 3471 992 3516 et
1008 3470 1078 3517 tauta
1095 3465 1160 3518 titia

364 3552 410 3608 vel
427 3550 607 3622 ingeniorum,
627 3551 668 3606 rel
682 3565 836 3620 corporum,
852 3566 912 3606 oum
927 3552 1023 3621 quibus
1042 3552 1160 3623 plerique

365 3641 532 3699 mmarrturt
549 3641 626 3698 Unde
639 3641 744 3696 labores
759 3650 786 3695 et
800 3641 964 3696 calamitates
978 3642 1096 3696 noudum
1112 3659 1160 3697 ro·

365 3734 469 3790 lttntate
487 3733 653 3804 peccantium
672 3732 864 3803 parvulorum?
883 3731 959 3789 llude
973 3748 1034 3788 eum
1050 3733 1161 3789 rationis

365 3840 432 3882 osus
445 3825 607 3892 accesserit,
627 3825 654 3879 iu
675 3824 809 3880 discendis
823 3824 918 3879 litteris
938 3825 978 3879 rel
1000 3825 1161 3895 quibuslibet

364 3914 470 3971 artibus
484 3922 556 3969 taum
577 3928 656 3984 ptsua
671 3913 839 3979 mortalium,
860 3922 890 3968 ut
906 3915 1063 3968 aerttmnosis
1080 3930 1161 3970 cona-

365 4004 438 4061 tibus
449 4005 529 4060 etiarn
542 4005 683 4060 verberum
704 4003 836 4058 cruciatus
855 4001 985 4058 addatur?
997 3989 1046 4058 llic
1058 4019 1108 4059 nos
1121 4020 1162 4059 re·

363 4097 531 4168 spondemus
545 4139 552 4164 ,
567 4096 647 4152 etiam
672 4096 721 4150 ista
737 4094 805 4148 mala
828 4108 861 4148 ex
882 4093 1018 4149 voluntate
1038 4094 1161 4149 bumana.

364 4196 471 4243 naturae
484 4188 614 4263 originem
628 4186 736 4252 ducere,
752 4198 804 4255 qua
817 4183 955 4254 granditer
967 4193 1103 4253 peccante,
1120 4185 1159 4238 ri·

366 4282 431 4336 tiata
451 4288 480 4336 et
495 4294 557 4335 eum
571 4279 655 4348 stirpe
669 4278 793 4332 damnata
808 4285 860 4332 ost.
876 4275 951 4332 Unde
965 4285 1068 4331 natura
1082 4274 1161 4347 hrrjus

365 4378 422 4427 um
444 4370 527 4425 multa
549 4369 679 4424 naturalia
701 4369 769 4423 bona
790 4368 898 4422 sortiunt
916 4366 950 4421 de
970 4366 1015 4421 Dei
1034 4366 1159 4435 opificio,

366 4462 435 4519 mala
457 4461 491 4516 de
508 4461 608 4530 judicio
623 4479 630 4515 :
643 4476 703 4530 quac
717 4459 785 4513 mala
798 4459 872 4513 nullo
888 4457 966 4513 modo
979 4472 1039 4513 esso
1052 4467 1160 4513 naturas

342 4566 347 4577 ·
365 4555 410 4611 tel
422 4554 585 4609 substantias
597 4569 649 4606 noo
661 4552 751 4606 uident
764 4550 919 4615 liauicbrci3
933 4564 1024 4604 tertam
1038 4549 1097 4604 ideo
1109 4549 1160 4604 dici

367 4646 516 4713 naturalia,
532 4646 592 4717 quia
607 4644 721 4700 cumeis
736 4643 859 4706 homiues
873 4642 963 4696 ritiata
977 4642 1086 4712 origiuis
1101 4651 1159 4697 tau-

366 4752 447 4809 quam
467 4735 556 4791 radice
575 4744 730 4790 nascautur.
751 4733 803 4788 Sed
822 4747 870 4787 uos
884 4733 944 4787 nori
964 4731 1083 4787 ltacrctici
1098 4748 1161 4787 coo·

367 4827 497 4883 tradicitis
512 4827 589 4882 uobis
605 4843 612 4880 :
626 4823 787 4895 respondete
801 4824 880 4893 igitur
893 4822 1063 4888 liauicbaeis;
1079 4824 1160 4879 dieite

366 4918 441 4974 uode
455 4917 509 4972 siut
523 4925 563 4972 tot
574 4930 606 4972 ac
619 4925 692 4971 muta
706 4915 784 4981 mala,
802 4929 863 4969 com
877 4914 972 4983 quibus
986 4915 1058 4969 uasci
1072 4914 1160 4969 bomi-

369 5022 420 5065 oes
433 5007 457 5063 si
467 5008 590 5078 negatis,
604 5006 649 5062 ubi
663 5015 704 5061 est
717 5005 790 5060 irous
804 5006 911 5060 restra?
926 5006 947 5059 si
962 5005 1099 5071 fatemini,
1116 5007 1160 5062 ubi

371 5108 414 5157 ost
427 5098 540 5154 haeresis
555 5100 663 5153 restra?
676 5096 728 5153 Sed
740 5097 807 5152 mala
818 5098 867 5151 ista
881 5112 933 5152 ooo
944 5111 1003 5152 esse
1016 5098 1083 5151 mado
1097 5114 1160 5153 con·

369 5192 487 5259 tendite,
502 5201 529 5246 et
545 5191 694 5260 paradisum
713 5206 765 5245 non
784 5204 893 5258 veruto,
908 5189 956 5251 sed
968 5200 1104 5258 uestrum,
1124 5191 1160 5246 la-

367 5282 496 5348 boribus,
517 5280 668 5347 doloribus,
688 5281 839 5348 erroribus,
859 5279 1016 5350 gemitibus,
1038 5279 1169 5347 fletibus,¹

366 5372 494 5437 luctibus,
514 5371 616 5426 etiamsi
635 5385 715 5429 nemo
734 5378 889 5441 peccasset,
910 5369 1029 5439 uuplcte.
1048 5370 1123 5437 Quod
1137 5372 1160 5426 si

364 5476 422 5521 tion
440 5461 555 5528 audetis,
571 5476 605 5516 ne
625 5461 657 5516 ab
678 5461 741 5531 ipsis
757 5474 863 5531 qttoque
875 5460 994 5529 puerulis
1007 5460 1158 5529 rideamini,

362 5562 394 5610 ot
412 5551 573 5609 emendandi
589 5551 681 5605 ferulis
691 5551 846 5621 indicemini
859 5567 866 5615 ;
882 5549 1015 5605 concludit
1030 5550 1159 5606 aduersus

362 5658 416 5701 ros
434 5640 607 5708 Matticbasus,
621 5639 681 5696 hate
697 5641 776 5706 mala,
793 5655 852 5710 qum
872 5640 906 5695 de
920 5639 1010 5694 uitiata
1026 5640 1094 5695 bona
1112 5656 1159 5695 na·

362 5748 426 5795 tura
436 5752 497 5795 esse
507 5751 561 5792 uon
570 5735 660 5800 tultis,
674 5735 707 5791 de
719 5735 909 5790 commixtione
922 5735 983 5788 urali
996 5749 1055 5789 csse
1069 5752 1075 5787 :
1088 5735 1159 5805 quod

361 5830 467 5889 malum
481 5828 546 5886 dicit
558 5844 618 5885 esse
631 5838 752 5883 naturam
766 5837 926 5883 coaeternam
938 5828 994 5883 Deo
1004 5836 1084 5899 atque
1094 5844 1157 5883 coo·

362 5923 489 5981 traciam.
508 5923 547 5977 tte
564 5936 613 5993 pec
629 5920 680 5976 boe
693 5920 737 5975 ubi
751 5919 898 5988 llauicbuo
913 5920 1018 5974 rouaris
1037 5934 1096 5975 csse
1114 5936 1157 5974 re·

363 6016 474 6083 monor,
490 6012 527 6070 illi
542 6012 656 6070 etttcerts
670 6012 727 6081 ejus
741 6009 855 6097 adjutor.

1045 627 1145 683 ltttsslt
1165 624 1308 685 SEXTUS.

1946 638 2014 695 tato

1258 741 1301 796 l'l.
1315 741 1374 797 luc.
1388 742 1445 798 Jam
1459 761 1522 799 rcrti
1536 746 1560 799 iu
1575 747 1659 816 ipsum
1674 749 1767 813 ileum,
1783 751 1839 819 pari
1854 751 1917 817 line,
1932 751 2013 822 impa-

1219 828 1242 883 ti
1264 831 1389 899 etortlio,
1404 826 1602 889 accusationum
1619 839 1669 890 tela
1679 839 1839 903 jaculantur.
1852 840 2013 897 llanieltoms

1219 923 1316 992 quippe
1329 923 1404 988 dicit,
1417 926 1488 980 Deris
1502 928 1588 982 bonus
1601 930 1699 982 attalum
1713 946 1766 984 ooo
1779 931 1842 985 lacit
1856 951 1863 986 ε
1876 933 1924 987 sed
1937 933 2012 988 addit

1219 1012 1280 1080 quia
1302 1030 1349 1080 pro
1369 1016 1532 1070 nalttralibus
1554 1017 1640 1086 culpis
1655 1029 1756 1073 :cletiro
1771 1021 1893 1076 iueeudio
1908 1023 2011 1078 attituus

1219 1102 1355 1170 destiue13
1378 1106 1449 1174 quod
1472 1108 1618 1176 perspicuo
1641 1110 1814 1165 iruotauitatis
1838 1121 1878 1166 est
1893 1131 1899 1166 :
1914 1127 1945 1167 ae
1965 1127 2013 1182 pet·

1217 1193 1279 1259 luae,
1301 1195 1353 1249 liue
1371 1197 1502 1265 opinionis
1519 1213 1583 1264 sum,
1604 1215 1682 1268 quem
1697 1200 1795 1254 bouum
1811 1201 1924 1268 dixerat,
1940 1204 2012 1257 clara

1219 1285 1358 1354 iniquitate
1379 1291 1551 1343 contaminat.
1574 1289 1657 1344 l‘orro
1671 1292 1835 1360 Augustinus
1849 1294 1925 1364 quasi
1939 1294 1962 1347 ei
1978 1294 2012 1349 ad

1218 1392 1297 1446 quem
1312 1379 1413 1443 scribit,
1432 1380 1514 1433 titicus
1529 1390 1650 1449 patrono,
1665 1397 1731 1435 :tarsu
1743 1383 1886 1451 grandiore
1899 1384 2014 1454 despicit

1221 1468 1425 1537 trepidationem
1436 1472 1564 1540 satagistti,
1577 1488 1625 1526 uec
1636 1471 1739 1539 dubitat
1750 1473 1810 1527 iude
1822 1475 1948 1544 incipere,
1960 1492 2013 1545 quo

1218 1557 1378 1613 llauicltaeus
1394 1563 1530 1629 perreuit;
1550 1564 1754 1633 pronuntiatque
1771 1564 1842 1634 quod
1860 1567 1969 1631 malum,
1986 1569 2012 1622 to

1218 1657 1258 1703 est
1273 1659 1423 1720 peccatum,
1438 1651 1516 1705 saciat
1531 1652 1601 1706 lletrs
1614 1663 1640 1708 et
1653 1665 1736 1719 creet,
1749 1670 1828 1723 quem
1842 1665 1944 1711 constat
1959 1673 2012 1711 noo

1217 1741 1361 1795 convenire
1374 1742 1398 1795 ei
1410 1742 1473 1800 Deo.
1487 1757 1565 1810 quem
1578 1743 1774 1798 Catlrolieorutn
1787 1744 1853 1801 lidos
1866 1748 1938 1801 eolit.
1955 1747 2011 1802 lloc

1216 1832 1386 1901 potissimum
1406 1833 1496 1887 auituo
1516 1833 1623 1887 lectoris
1643 1835 1749 1901 insidat,
1768 1843 1796 1890 et
1811 1838 1877 1890 nulli
1895 1851 2012 1907 uuquam

1218 1922 1335 1977 bdelium
1347 1923 1475 1991 majorem
1486 1939 1593 1977 causam
1607 1940 1686 1994 quam
1699 1926 1774 1980 rubis
1787 1925 1938 1981 incubuisse
1948 1940 2012 1982 cou-

1216 2008 1321 2074 uictus,
1345 2018 1371 2064 et
1390 2025 1496 2065 omuetu
1512 2010 1557 2081 qui
1578 2018 1699 2066 uaturatu
1722 2014 1806 2082 ipsam
1823 2016 2009 2070 necessitatem

1216 2101 1336 2156 criminis
1349 2101 1510 2168 arbitratur,
1535 2103 1562 2156 in
1582 2103 1627 2156 Dei
1642 2100 1852 2158 Christianorum
1868 2106 1940 2159 cultu
1956 2120 2008 2159 nou

1217 2192 1317 2248 babere
1333 2194 1495 2249 consortium
1513 2195 1602 2265 :quod
1617 2196 1741 2264 quonium
1757 2196 1910 2268 frequenter
1924 2198 2006 2253 incul-

1217 2293 1306 2339 catum
1319 2294 1379 2347 est;
1398 2286 1566 2340 iterationem
1582 2287 1680 2356 quippe
1694 2287 1794 2340 utilitas
1808 2303 1895 2342 causac
1911 2289 2009 2358 princi·

1215 2375 1283 2445 palis
1302 2377 1408 2444 exegit;
1424 2375 1561 2429 veuiamus
1576 2375 1631 2444 jam
1647 2375 1680 2429 ad
1693 2376 1886 2432 discussionem
1907 2379 2010 2447 primo·

1215 2482 1274 2519 rom
1287 2466 1435 2530 bominum,
1447 2482 1558 2536 quorum
1573 2466 1706 2520 taxatione
1716 2466 1781 2521 aciei
1791 2477 1887 2522 uostrre
1896 2467 2009 2523 Nuuritla

1215 2555 1291 2625 quasi
1306 2564 1425 2610 cetratus
1441 2555 1566 2609 occurrit.

1252 2646 1318 2701 duo.
1338 2644 1406 2712 Quid
1419 2645 1578 2700 llauiclueus
1592 2645 1662 2701 dieat
1677 2645 1710 2700 de
1725 2645 1914 2701 commixtione
1929 2647 2006 2702 botta

1219 2743 1247 2790 et
1257 2735 1333 2789 malae
1344 2736 1508 2799 substantiae,
1522 2739 1623 2790 nescire
1635 2744 1661 2791 tc
1670 2735 1818 2800 crederem,
1833 2737 1883 2790 uisi
1895 2752 1925 2791 ea
1935 2747 2008 2793 certe

1215 2839 1274 2894 quac
1289 2825 1417 2880 adsersus
1435 2826 1557 2881 eumont
1583 2842 1701 2881 errorem
1721 2827 1892 2896 scripsimus,
1911 2828 2007 2897 legisse

1215 2924 1241 2969 te
1261 2916 1356 2969 scirem
1372 2932 1378 2968 :
1393 2931 1453 2969 uam
1474 2931 1505 2970 ex
1523 2916 1607 2982 libro,
1624 2918 1650 2970 iu
1665 2931 1718 2986 quo
1732 2916 1843 2970 duarum
1858 2918 2006 2972 attiniacum

1215 3004 1241 3057 in
1264 3003 1372 3059 bomine
1393 3007 1607 3071 constitutarum,
1629 3021 1741 3075 quarum
1761 3016 1831 3061 esset
1851 3023 1902 3061 uua
1921 3008 2005 3073 botru,
2058 3048 2060 3053 .

1213 3092 1297 3149 altera
1318 3096 1388 3149 titala
1415 3111 1519 3160 ,eorum
1542 3097 1692 3164 tqiiuioueut
1712 3097 1832 3167 redargui
1851 3097 1900 3169 (De
1922 3097 2006 3155 Drtob.

1213 3185 1343 3251 Auiruub„
1359 3203 1385 3240 ιι.
1401 3185 1454 3259 lb),
1472 3188 1594 3257 qriaduu
1609 3198 1703 3242 contra
1719 3203 1762 3242 tue
1777 3191 1861 3258 ipsum
1875 3204 1934 3244 esse
1948 3192 2005 3244 oxi·

1212 3279 1325 3333 stimans
1348 3280 1497 3333 testimonia
1521 3281 1664 3349 protulisti.
1680 3281 1842 3335 blauicbacus
1856 3297 1920 3352 ergo
1939 3281 2007 3337 duas

1212 3370 1327 3435 anilitas,
1347 3369 1403 3423 sire
1423 3370 1541 3438 spiritus,
1561 3371 1618 3423 sire
1636 3378 1750 3436 utctttcs,
1772 3387 1851 3425 uuam
1870 3373 2005 3441 propriam

1213 3461 1311 3525 earnis,
1326 3460 1499 3530 eamdemque
1513 3475 1565 3515 uon
1580 3461 1718 3515 accidente
1736 3462 1813 3525 titio,
1830 3463 1876 3517 setl
1891 3472 2005 3517 coater-

1213 3565 1275 3604 nam
1285 3551 1339 3605 Deo
1350 3559 1442 3604 natura
1457 3551 1564 3613 atulam,
1576 3550 1685 3604 alteram
1701 3566 1765 3604 tero
1780 3560 1872 3605 natura
1889 3554 2002 3606 borram¹

1214 3650 1338 3713 tauquam
1347 3643 1393 3696 Dei
1408 3642 1575 3711 particulam,
1599 3642 1646 3696 sed
1661 3642 1818 3697 illiusmalc
1832 3644 2007 3711 perstrictionc

1213 3734 1380 3798 maculatam,
1401 3733 1427 3787 iu
1449 3731 1557 3787 homine
1575 3748 1630 3786 uno
1651 3747 1711 3788 esse
1730 3733 1869 3788 contendit
1883 3752 1890 3789 :
1903 3742 1930 3789 et
1944 3734 2006 3790 lriuc
2063 3742 2068 3752 '

1213 3824 1269 3880 vttlt
1282 3822 1349 3889 beri,
1365 3832 1394 3878 ut
1406 3839 1468 3879 eaeo
1483 3825 1654 3894 coucupiseat
1666 3825 1794 3880 adversus
1807 3827 1939 3896 spiritum,
1955 3830 2007 3882 uti·

1213 3931 1265 3988 que
1278 3918 1386 3984 bonum,
1403 3933 1451 3988 por
1463 3918 1578 3972 animam
1592 3933 1666 3973 suam
1678 3919 1787 3986 malam,
1802 3928 1831 3974 ut
1844 3935 1904 3975 euru
1918 3928 2007 3976 teneat

1213 4010 1376 4079 implicatum
1390 4026 1397 4075 ;
1417 4011 1525 4080 spiritus
1539 4019 1628 4066 autem
1642 4010 1770 4067 adversus
1785 4027 1893 4067 earnem
1907 4054 1915 4079 ,
1932 4023 1960 4068 ut
1974 4014 2008 4069 ab

1214 4098 1259 4154 illa
1271 4099 1459 4154 commixtione
1470 4099 1608 4154 liberetur.
1621 4099 1696 4166 Qtrod
1709 4100 1730 4153 si
1745 4115 1793 4154 uec
1806 4101 1898 4154 ultima
1912 4102 2002 4155 uruutli

1213 4188 1420 4258 conflagratione
1432 4189 1556 4257 potuerit,
1572 4197 1634 4242 tuuc
1646 4205 1708 4242 eum
1722 4189 1786 4243 dicit
1798 4189 1868 4259 atligi
1885 4191 2008 4245 tenebra-

1213 4295 1273 4335 rum
1288 4280 1376 4350 globo,
1393 4288 1473 4351 atquc
1487 4280 1513 4333 iu
1528 4287 1658 4334 curtium
1675 4281 1721 4334 tali
1736 4282 1868 4351 supplicio
1881 4282 2005 4338 detineri.

1214 4369 1273 4425 Nou
1285 4372 1384 4441 itaque,
1398 4379 1427 4424 ut
1438 4370 1513 4434 ditis,
1527 4369 1663 4424 liauicbaei
1677 4373 1746 4426 bens
1760 4391 1770 4423 r
1784 4386 1833 4441 pro
1843 4374 2008 4429 naturalibus

1215 4462 1300 4534 culpis
1314 4473 1414 4516 aeterno
1427 4461 1550 4516 lucendio
1562 4461 1665 4515 animas
1678 4462 1812 4518 destinat:
1829 4483 1839 4516 ι
1852 4464 1899 4519 sed
1913 4475 2006 4521 natura

1213 4552 1298 4608 bonas
1311 4551 1414 4606 animas
1429 4566 1477 4622 pro
1491 4550 1585 4607 alienae
1604 4551 1681 4608 malae
1700 4562 1802 4608 naturae
1816 4556 2006 4612 commixtione

1214 4646 1256 4702 cui
1270 4645 1341 4701 malo
1353 4659 1401 4701 eas
1414 4645 1471 4714 ipse
1483 4645 1661 4712 commiscuit,
1675 4661 1742 4717 quas
1755 4647 1816 4701 inde
1827 4662 1879 4702 oon
1891 4649 2006 4717 potuerit

1215 4736 1338 4803 liberare,
1352 4750 1405 4791 uon
1418 4736 1542 4792 lucendio
1555 4744 1673 4803 reterno;
1686 4753 1747 4812 nam
1762 4737 1863 4792 nullum
1874 4748 2004 4794 artemium

1214 4827 1375 4882 llauielraeus
1389 4827 1513 4897 opinatur
1526 4825 1695 4890 inccndiuru;
1711 4828 1757 4882 sed
1771 4836 1881 4895 aeterno,
1895 4837 1925 4883 ut
1938 4829 2004 4896 dixi,

1213 4918 1384 4972 tenebrarum
1399 4917 1488 4986 globo,
1505 4931 1647 4986 quomens
1661 4917 1829 4972 tenebrarum
1843 4918 2003 4985 iuclutletur,

1213 4990 1313 5078 albget.
1330 5006 1466 5062 Catholica
1479 5021 1542 5060 tero
1556 5006 1631 5070 tides,
1646 5023 1725 5077 quom
1740 5008 1895 5080 reliquistis,
1909 5020 1937 5065 ut
1951 5012 2008 5065 lla·

1213 5098 1388 5162 nlcbmorum,
1414 5112 1466 5151 nou
1489 5097 1577 5167 plane,
1597 5099 1822 5167 quemadmodum
1844 5102 1942 5170 putatis
1962 5111 2008 5157 aut

1213 5189 1321 5258 lingitis,
1335 5190 1562 5258 oppugnatricem,
1577 5189 1623 5244 sed
1638 5190 1724 5258 potius
1737 5191 1893 5260 adjutricem
1906 5203 2005 5246 sectam

1213 5282 1339 5337 notitiam
1351 5280 1511 5346 conderetis,
1523 5297 1583 5336 cum
1594 5282 1668 5336 audit
1678 5290 1723 5336 aut
1735 5281 1798 5352 legit
1807 5284 1877 5352 quod
1888 5285 1925 5338 ait
1936 5288 2007 5354 alpo-

1213 5377 1309 5440 stolus,
1324 5373 1389 5428 coro
1403 5375 1555 5446 concupiscit
1570 5374 1688 5428 edemus
1700 5375 1828 5444 spiritum,
1844 5376 1946 5445 spiritus
1959 5394 2007 5429 ou·

1213 5476 1262 5520 tem
1276 5467 1396 5519 adversus
1409 5483 1509 5519 coruom
1525 5483 1535 5519 :
1554 5465 1688 5519 iecerint
1703 5465 1809 5521 latricem
1824 5469 2007 5531 ndrcrsrrntur:

1213 5565 1240 5610 ιιι
1254 5573 1304 5610 ιιοιι
1318 5572 1347 5609 eo
1361 5572 1417 5626 que
1430 5557 1520 5621 cultis,
1535 5555 1635 5625 faciatis
1650 5553 1747 5625 (Galat.
1762 5571 1796 5623 v,
1814 5557 1860 5626 Π)
1872 5576 1878 5610 :
1892 5574 1943 5612 troo
1958 5573 2005 5610 aa·

1213 5656 1286 5702 tiaras
1296 5648 1372 5713 duas,
1385 5647 1446 5701 boui
1460 5647 1562 5702 scilieet
1570 5655 1597 5702 ct
1608 5646 1681 5714 mali,
1696 5648 1765 5703 iuter
1774 5665 1803 5703 sc
1814 5649 1847 5702 ab
1858 5647 2005 5702 aeternitate

1213 5738 1370 5803 contrarias,
1383 5748 1409 5794 et
1423 5738 1493 5793 bello
1504 5738 1652 5807 posteriore
1661 5740 1830 5806 commistos,
1842 5739 1911 5793 sieut
1922 5738 2005 5791 Martii-

1245 5954 1253 5986 ¹
1265 5952 1300 6003 sic
1310 5960 1382 6002 setus
1390 5949 1603 6000 eodexeortamm.
1612 5947 1669 6001 saliti
1682 5900 1892 6006 autemsnotttrtnrt
1901 5939 2001 6004 molem,

1212 6014 1312 6066 αίεειιιιιι
1324 6026 1378 6064 cero
1386 6019 1498 6063 nnttrrnm
1510 6011 1603 6061 bertmu.
