4900 6892
405 648 474 706 {libb

404 759 537 814 destinato
549 757 693 813 sentimum
708 770 814 809 curnem
837 771 870 808 ex
889 755 989 808 semiue
1010 753 1090 807 David
1102 795 1109 817 ,
1122 766 1191 822 pre·

405 831 555 883 destinante
578 837 666 880 amem
691 827 835 879 seeundum
863 832 1007 890 potentiam
1033 824 1079 878 Dei
1106 822 1191 876 Patris

371 921 375 953 s
405 914 465 952 curru
481 898 558 951 Patre
579 906 606 950 et
629 896 728 963 Spiritu
749 905 867 948 saraiae:
891 894 998 964 Viqilate
1016 905 1039 947 et
1059 903 1145 954 orate,
1161 906 1193 944 ne

405 968 501 1021 intretis
510 969 536 1019 iu
549 966 707 1018 tentationem
720 964 830 1035 (Muttb.
853 980 927 1029 tart,
942 965 973 1019 bl
985 963 1005 1032 ).
1021 964 1102 1025 itera,
1122 962 1191 1031 Vipi-

405 1038 455 1090 late
467 1038 492 1089 in
502 1037 569 1089 orrrui
580 1047 690 1103 teuqmre
701 1045 799 1088 ararites
805 1051 815 1099 ;
829 1043 856 1087 ut
868 1035 937 1104 dipui
952 1035 1092 1087 habeamini
1106 1036 1193 1102 supere

403 1108 452 1158 ieta
463 1107 548 1158 omniu
562 1122 617 1174 quea
630 1108 714 1173 tratura
731 1115 804 1168 siant,
820 1114 842 1158 et
857 1114 923 1157 stare
933 1115 990 1157 aute
1002 1103 1026 1155 F
1027 1105 1097 1156 ilium
1110 1102 1192 1154 bouri-

405 1176 444 1228 nie
464 1175 474 1245 (
483 1174 548 1229 Luc.
563 1192 617 1238 sur,
634 1176 685 1237 56)
704 1177 804 1233 :itcm.
820 1173 965 1228 Contendite
978 1175 1073 1226 intrare
1092 1189 1135 1241 per
1146 1188 1193 1224 au·

404 1256 502 1314 paetum
518 1254 616 1311 partum
637 1245 695 1313 (ld.
718 1245 843 1313 xtrtstib)
865 1262 872 1297 ε
892 1245 971 1306 item,
992 1243 1042 1296 Vos
1060 1243 1135 1295 rrrrriei
1145 1242 1192 1295 mei

404 1315 472 1380 eatis,
484 1316 505 1367 ti
516 1315 622 1383 feceritis
631 1331 688 1384 quoe
699 1332 744 1385 eqo
755 1315 872 1384 praecipio
884 1314 951 1366 uobis
963 1313 1050 1385 (boare.
1063 1328 1109 1378 tt,
1125 1311 1169 1380 lb)
1183 1327 1189 1364 :

403 1393 431 1438 et
445 1385 526 1439 multa
540 1386 601 1450 alia,
617 1400 677 1454 quae
690 1384 796 1453 longum
811 1396 851 1437 est
869 1399 1003 1438 enarrare.
1024 1383 1087 1447 Sed,
1103 1392 1132 1435 ιιι
1145 1396 1191 1434 su·

405 1454 495 1522 petius
510 1455 664 1519 rrreruorari,
679 1455 722 1524 qui
737 1457 775 1508 eis
789 1455 866 1520 dixit,
883 1453 945 1507 Sine
960 1469 999 1506 rue
1012 1453 1076 1506 irilril
1090 1450 1192 1520 potestis

404 1527 505 1603 (acme,
519 1540 566 1595 per
582 1526 667 1592 ipsum
689 1541 748 1594 quae
761 1525 886 1592 jubemur
899 1523 985 1576 lacere
999 1532 1118 1591 possunt.
1134 1521 1191 1575 ttu-

401 1595 516 1659 Jusumdi
531 1595 557 1648 in
570 1594 675 1648 tltuino
688 1609 748 1649 csse
760 1595 859 1649 electus
874 1594 932 1657 Dei,
948 1596 987 1659 ait
997 1593 1149 1660 Apostolus,
1165 1591 1191 1644 in

404 1679 457 1732 qim
472 1666 648 1732 predestinati
670 1675 732 1718 sum
750 1665 887 1718 secundam
907 1665 1063 1731 propositum
1083 1663 1137 1730 ejus
1149 1661 1192 1730 qui

404 1735 488 1786 omnia
500 1744 627 1804 operatur.
644 1735 760 1803 {melligo
775 1734 884 1800 dictum,
900 1733 942 1801 ιῃιιΙ
955 1734 1039 1786 ouiur'a
1054 1739 1191 1802 operatur:

404 1810 431 1856 et
444 1806 524 1859 erede
543 1819 602 1858 esse
616 1820 684 1873 opus
699 1806 762 1864 liei,
784 1820 865 1873 opera
889 1817 981 1857 eoruru
996 1801 1041 1870 qui
1055 1802 1193 1856 arribulaut

315 1870 318 1875 ’
405 1876 550 1928 secuudum
566 1876 729 1943 propesitum
746 1875 803 1927 Dei.

440 1944 483 1997 ll.
504 1945 552 2011 eri
567 1960 629 1998 reru
642 1945 744 2013 absque
758 1941 998 2012 praedestinationis
1010 1941 1093 2009 gratia
1107 1948 1188 2006 suut,

405 2012 430 2064 ul
443 2023 484 2068 est
495 2055 502 2078 ,
515 2015 594 2068 alicui
608 2029 622 2067 a
637 2016 773 2083 proposita
786 2013 851 2072 bei,
868 2022 894 2066 et
909 2012 1051 2081 perdurant
1065 2012 1090 2064 iu
1103 2011 1191 2078 uperi·

406 2082 456 2136 lius
470 2085 564 2146 matis,
579 2084 600 2136 si
614 2085 692 2137 ctiam
706 2099 738 2137 ea
755 2083 802 2136 bac
816 2083 985 2150 migraverint
999 2081 1061 2143 rita,
1077 2095 1128 2134 narr
1144 2095 1191 2135 eos

403 2150 524 2214 dicimus,
535 2163 617 2206 utvtrs
625 2156 731 2221 putatia,
744 2170 753 2203 ι
766 2153 802 2206 ita
812 2168 826 2204 a
837 2154 891 2205 beo
899 2152 1015 2204 oninium
1025 2151 1033 2182 ²
1043 2149 1191 2218 opilice'ur·

400 2221 507 2276 iliuatus
522 2232 549 2276 ut
563 2226 697 2292 perir-eut,
714 2234 837 2290 tanquam
862 2223 918 2289 ipse
940 2222 992 2275 iltis
1013 2235 1102 2274 mores
1114 2220 1191 2274 uralae

403 2290 463 2343 titre
476 2294 615 2361 creauerit,
628 2295 686 2361 ipse
698 2293 731 2346 ad
742 2308 819 2345 υιιιιιιι
831 2306 897 2360 opus
909 2292 1000 2345 rrrortis
1011 2291 1106 2344 inritus
1121 2304 1191 2358 prat·

402 2361 560 2429 cipitauerit.
578 2382 588 2415 ι
603 2365 678 2417 Absit
692 2362 741 2416 lum
754 2377 768 2415 a
779 2362 868 2415 dirirm
886 2362 1031 2431 pronosim.
1047 2359 1104 2413 Nun
1118 2359 1189 2414 euim

402 2431 494 2484 soteris
507 2440 547 2484 est
561 2433 723 2500 iniquitatem
739 2433 807 2486 Deus
821 2432 830 2498 l
843 2429 915 2485 Psal.
931 2447 945 2482 v
957 2472 964 2494 ,
976 2430 1012 2499 5)
1027 2446 1035 2483 :
1051 2444 1100 2484 neo
1111 2445 1190 2483 mau-

402 2499 472 2554 rlarit
485 2502 607 2570 cuiquam
621 2503 701 2569 impie
715 2516 802 2571 agere,
818 2516 867 2554 nec
880 2500 957 2556 alicui
972 2500 1045 2555 dedit
1058 2500 1190 2554 bartimeu-

403 2580 457 2624 rum
473 2573 597 2640 peceamti
617 2570 709 2643 (Ereti.
732 2588 774 2637 ιι,
797 2570 856 2641 bt).
872 2570 947 2625 Fecit
967 2572 1038 2625 euim
1059 2577 1190 2625 messem

402 2640 511 2706 orrrnia,
527 2649 554 2695 et
571 2643 701 2696 sanabiles
723 2643 844 2695 nationes
865 2641 938 2694 orbis
957 2649 1087 2693 terrarum
1102 2639 1187 2710 (Sap.

404 2726 422 2773 ι,
442 2710 475 2764 tt
485 2710 504 2779 ).
520 2711 619 2765 trivialia
633 2721 721 2766 atatem
735 2711 832 2765 diaboli
846 2726 918 2764 rrrrrrs
937 2711 1045 2763 intrarit
1058 2710 1083 2763 iu
1096 2710 1189 2764 orbem

403 2788 544 2835 terrarum.
559 2782 695 2836 lunemtur
705 2798 768 2846 erpo
779 2782 852 2835 illum
863 2781 907 2850 qui
918 2790 980 2834 suut
990 2796 1020 2833 cx
1033 2792 1108 2850 parte
1119 2780 1189 2835 illius

403 2848 457 2918 (ld.
473 2866 500 2913 ιι,
514 2850 558 2905 ἰ).
573 2851 630 2924 be).
646 2853 700 2907 Nee
720 2852 851 2916 dieiruus,
881 2859 909 2904 ut
936 2851 1051 2919 tingitis,
1077 2867 1086 2901 t
1111 2849 1189 2903 Etsi

402 2919 512 2974 eredere
524 2921 623 2986 veliin,
636 2923 677 2976 vet
691 2922 767 2977 uum
779 2921 904 2990 operibus
922 2920 968 2974 [ici
980 2934 1091 2982 vacare,
1104 2918 1187 2973 [terrm

402 2987 453 3043 boe
466 2990 517 3043 illis
531 2992 599 3045 nulle
617 3002 745 3062 prestare
762 3009 768 3042 :
787 3011 796 3044 ι
812 3006 871 3044 cum
891 2988 1040 3057 lttrjusruodi
1055 2989 1124 3044 telle
1140 2988 1188 3043 bet

401 3060 436 3112 sit
448 3059 556 3116 dorium.
571 3062 597 3116 Si
611 3077 673 3131 ergo
684 3077 717 3116 ex
732 3062 787 3116 Deo
799 3070 840 3114 cst
852 3062 922 3130 quod
935 3061 1037 3124 tolerat,
1050 3059 1104 3112 uult
1118 3058 1188 3114 Deus

403 3127 547 3196 perfeetum
564 3130 619 3186 lieri
638 3133 708 3201 ‹qrrud
730 3131 856 3186 donavit:
873 3131 894 3184 si
909 3139 997 3184 autem
1017 3145 1050 3183 ex
1068 3129 1121 3182 Deo
1134 3143 1187 3182 riou

401 3209 442 3252 est
453 3241 460 3256 .
472 3200 517 3254 sed
531 3211 572 3255 est
583 3202 617 3256 de
630 3201 755 3270 jactantia
776 3200 888 3270 promia
910 3199 1070 3262 voluutatis,
1087 3213 1138 3267 aqua
1158 3213 1188 3254 se

402 3271 503 3323 inieritis
518 3271 599 3325 Derim
621 3272 755 3325 restituant
776 3270 938 3338 praemoneri,
959 3268 1097 3323 manifeste
1116 3269 1186 3337 quod

403 3340 492 3392 ιιιιιιιιι
503 3356 599 3408 capere
612 3357 663 3396 urm
680 3351 809 3410 pussuut;
826 3341 888 3409 quia
901 3357 951 3394 uun
966 3338 1088 3412 ualentis,
1104 3339 1189 3407 iuquit

350 3434 353 3439 ·
404 3412 554 3478 Apostolus,
567 3428 646 3482 urique
655 3414 786 3477 currentis,
798 3413 841 3464 sed
852 3410 988 3464 uriscrentia
998 3418 1033 3463 eet
1043 3408 1089 3461 Dei
1100 3409 1186 3477 (barri.

404 3494 439 3543 ιι,
456 3480 507 3551 tlt)
524 3499 530 3530 ε
545 3491 572 3535 ut
591 3484 651 3551 quia
667 3499 719 3537 uon
734 3491 820 3550 potest
834 3482 913 3535 liorem
935 3494 993 3533 asc
1007 3478 1095 3532 lacere
1109 3479 1187 3545 qiud·

401 3565 490 3615 Ιιιιιιιι,
511 3551 562 3605 uisi
578 3552 667 3606 datum
684 3553 719 3605 illi
736 3552 813 3607 luerit
826 3551 941 3619 desuper
954 3549 1049 3617 (teau
1066 3565 1105 3615 ιιι,
1119 3548 1154 3602 et
1165 3548 1185 3619 ).

401 3618 457 3672 Νιιιι
471 3622 520 3675 bue
530 3624 583 3687 neit
597 3623 665 3676 licus
677 3638 781 3677 suurme
794 3623 879 3676 benus
890 3620 999 3682 errabitis,
1011 3621 1059 3674 sed
1068 3619 1186 3687 justitia;

403 3705 450 3742 uec
464 3706 634 3758 personarum
644 3694 806 3761 incoeptione,
816 3693 863 3745 sed
873 3705 1013 3745 causarum
1024 3696 1186 3743 secretarum

402 3760 571 3814 discretione.
585 3761 712 3815 Nimirum
725 3776 911 3829 riorruuuquam
926 3758 1053 3828 quosdam
1069 3758 1189 3814 volentes

402 3837 509 3882 uterne
521 3832 581 3883 uitae
602 3830 680 3884 tidem
694 3831 830 3900 accipere,
846 3838 873 3882 et
891 3845 949 3881 carri
964 3827 1091 3894 adipisci;
1107 3842 1188 3897 quus-

402 3899 462 3950 daru
482 3907 569 3952 aretem
590 3915 652 3952 narr.
674 3900 785 3968 Aliquos
806 3901 885 3952 etiam
908 3898 1028 3952 intentes
1042 3898 1187 3965 crirrsequi,

403 3981 464 4020 curn
478 3967 503 4019 iu
518 3968 557 4020 eis
567 3968 655 4022 diuina
666 3970 768 4037 gratia,
786 3976 814 4021 ut
829 3968 925 4030 velint,
940 3967 1080 4020 ruutarerit
1094 3968 1188 4022 volun·

404 4046 499 4100 tatem,
515 4037 617 4107 aliquos
632 4053 695 4093 ιιοιι.
710 4037 837 4094 Nuriruus
850 4038 952 4105 aliquus
965 4037 1044 4090 etiam
1060 4037 1190 4105 periectos

404 4121 436 4158 ex
459 4106 547 4161 labore
568 4109 711 4162 multorum
735 4123 865 4162 annorum
890 4106 1028 4177 prolapsus
1050 4107 1075 4160 iu
1097 4106 1189 4162 ultiruu

407 4177 467 4228 rita
480 4192 554 4242 suae,
573 4187 599 4232 et
611 4179 732 4247 periisse.
747 4180 857 4248 Aliquos
871 4191 935 4232 vero
948 4178 981 4230 ab
993 4176 1100 4231 iueume
1112 4187 1190 4232 atate

404 4262 450 4300 sua
459 4245 486 4299 iu
497 4248 567 4301 oraui
578 4250 680 4303 scelere
689 4258 716 4305 et
725 4249 924 4303 damnabilitate
934 4262 1016 4314 usque
1025 4248 1058 4300 ad
1069 4247 1190 4315 decrepi-

404 4327 456 4370 tam
471 4327 575 4372 aetatem
590 4319 766 4388 perdurasse,
783 4328 809 4373 et
823 4327 931 4387 repente
945 4317 1050 4372 coelitus
1064 4317 1188 4386 inspirata

404 4389 498 4451 salute,
514 4397 603 4457 raptus
615 4404 674 4443 esse
687 4389 720 4444 ad
734 4390 851 4459 requiem
867 4389 940 4457 regui
953 4387 1093 4442 caelorum.
1107 4387 1188 4441 Nuri-

405 4474 464 4511 ums
478 4458 558 4513 etiam
580 4454 719 4526 qiarrilos,
735 4461 831 4529 quibus
843 4466 914 4512 'usus
929 4458 1003 4511 liberi
1018 4457 1119 4511 arbitrii
1135 4471 1187 4511 arun

406 4535 457 4590 est,
472 4536 500 4580 ut
512 4529 545 4582 de
561 4530 694 4583 intrusam
710 4530 785 4582 utatis
804 4544 896 4583 eorum
911 4528 1012 4581 meritis
1022 4526 1187 4596 judicemus,

405 4607 544 4665 pneumam
559 4601 681 4652 insanibas
695 4599 729 4653 ad
743 4599 853 4667 grauiam
873 4599 941 4651 sacri
959 4597 1128 4665 Baptismatis
1142 4596 1190 4652 de·

405 4677 535 4735 portatam,
549 4679 646 4723 etcum
662 4671 688 4722 iu
705 4683 757 4723 ιιιιο
769 4683 862 4722 eorum
878 4681 924 4735 per
939 4683 1032 4720 uranus
1044 4668 1191 4721 sacerdotis

406 4739 559 4808 uqsterium
575 4738 634 4793 bidei
654 4739 862 4806 adimpleretur,
877 4737 1017 4806 aliquoties
1038 4738 1151 4791 altenuu
1165 4739 1190 4791 iu

406 4817 544 4874 pareutum
571 4810 692 4864 rmubbus
718 4809 816 4862 iactuum
843 4807 1013 4870 exaruitnem,
1042 4805 1191 4861 lrarrdatum

405 4878 488 4943 grellia
502 4877 655 4932 Satiaturis.
670 4880 734 4945 Quis
745 4880 859 4948 sapiens,
874 4886 902 4931 et
913 4876 1042 4945 intelliget
1057 4876 1113 4930 lutee
1123 4876 1134 4930 l
1146 4887 1192 4931 aut

406 4947 464 5013 quis
475 4947 586 5001 idoneus
601 4951 651 5002 crit
667 4951 760 5003 lunum
777 4948 890 5003 reddere
903 4946 1052 5001 rationem?
1068 4947 1192 5002 bicaruus

406 5032 465 5068 euru
480 5017 559 5070 llatid
572 5057 579 5082 ,
594 5017 611 5070 J
615 5028 683 5071 rastas
703 5018 824 5072 Duratium
848 5019 874 5070 iu
896 5019 1011 5072 omnibns
1029 5018 1074 5069 uiis
1088 5017 1151 5082 artis,
1167 5027 1192 5071 et

407 5095 507 5139 narratas
521 5087 547 5140 in
555 5088 670 5141 ounubus
682 5090 797 5152 operibus
805 5089 856 5141 suit
871 5086 957 5156 (Paul.
965 5103 1053 5151 extttr,
1071 5087 1115 5156 te)
1131 5105 1137 5140 :
1154 5097 1191 5154 et,

407 5157 489 5218 Quam
498 5159 659 5228 uraqnificata
666 5168 723 5211 earn
731 5174 807 5228 opera
814 5167 867 5221 tua,
876 5157 998 5212 Doruinel
1007 5158 1080 5211 rrirrris
1088 5162 1195 5228 prosun-

407 5229 446 5279 dra
454 5230 528 5296 saetae
537 5238 595 5282 aurit
607 5229 768 5298 capitatiouee
779 5236 828 5282 tttoe
838 5227 847 5296 (
856 5227 928 5281 Paul.
945 5244 998 5293 tet,
1011 5226 1056 5298 tt).
1071 5228 1193 5281 ilicitanus

406 5297 485 5350 itiam
504 5314 564 5352 cuni
587 5299 686 5363 Paulo,
705 5297 847 5354 Oaltitmio
867 5299 1010 5352 diuitiarum
1024 5298 1154 5368 sapientire
1165 5309 1189 5352 et

406 5368 517 5421 scientiae
536 5368 602 5423 Dei!
625 5371 707 5433 Quum
729 5369 992 5439 incoruprebemibitia
1015 5379 1073 5421 aum
1097 5368 1194 5438 judicia

407 5437 470 5501 eiua,
484 5447 507 5489 et
521 5437 608 5492 investi
627 5439 702 5495 ubiles
715 5441 761 5494 aia‘
771 5442 825 5509 ejus
841 5440 933 5511 (Raris.
948 5456 984 5503 ιι,
1001 5439 1066 5507 bii!

442 5507 554 5562 CAPUT
575 5458 639 5562 ili.
655 5540 691 5549 —
706 5511 748 5564 t‘t·
769 5509 822 5566 Sed
837 5512 858 5565 si
872 5510 958 5565 adime
972 5509 1021 5563 bae
1034 5507 1135 5562 reddita
1148 5523 1193 5561 ra-

407 5576 1193 5650 tiriurerultisesseeuutcutiosi,necaequiescereueritati¹;

407 5646 482 5701 aare
496 5657 603 5709 minere,
620 5664 652 5702 eo
670 5651 738 5718 qirod
753 5653 822 5706 mate
841 5651 874 5705 de
889 5652 944 5705 beo
962 5651 1033 5719 justo
1047 5664 1078 5704 ac
1091 5648 1195 5703 miseri-

407 5719 565 5773 cordissimo
576 5720 730 5785 sentiamus,
742 5722 897 5775 calumniari
906 5721 1019 5775 desinite
1031 5738 1038 5773 ε
1050 5718 1096 5773 sed
1106 5720 1192 5789 ipsum

406 5791 494 5856 partius
509 5790 648 5844 barnuinum
660 5789 796 5845 Christum
809 5833 817 5857 ,
833 5793 907 5861 caritas
922 5790 1093 5861 Erarigebum
1105 5788 1195 5857 sequi·

406 5873 476 5926 ruer,
489 5861 511 5914 si
525 5860 638 5924 audetis,
650 5862 752 5931 arguite
768 5880 774 5916 :
789 5878 849 5918 auur
862 5861 1032 5934 illojurqium
1048 5860 1145 5916 suante
1161 5859 1194 5913 li-

437 6014 446 6044 ¹
464 6018 489 6061 ta
500 6021 562 6071 tiss,
574 6013 702 6064 borrdmun.

437 6074 526 6135 ιω,
546 6076 641 6126 ratioru.

704 643 901 702 treenmcts
920 640 1007 698 PARS
1028 639 1141 696 bilibit.
1162 633 1444 692 tttttooaosmcou
1463 636 1565 692 LIBER
1584 633 1729 695 sstttJS.

1971 637 2037 697 ibib

1247 750 1363 820 tigaudi;
1385 751 1421 805 illi
1435 750 1505 819 quud
1527 750 1593 804 absit
1607 791 1614 812 ,
1629 752 1699 805 attile
1712 751 1830 806 sensisse
1842 750 1877 806 de
1889 751 1946 806 Deo
1960 752 2036 810 latre

1245 835 1296 875 suo
1308 821 1514 875 ealuumiumiui.
1529 822 1573 890 qui
1587 822 1633 881 ait,
1650 820 1726 875 blulti
1739 823 1839 890 quidem
1852 824 1947 885 vocati,
1961 826 2034 892 perrea·

1245 903 1327 944 aurem
1340 892 1410 944 eleari
1424 890 1533 951 lblattlr.
1551 906 1625 953 ιιιι,
1642 891 1696 957 lb)
1713 908 1720 942 :
1736 900 1779 955 et,
1798 892 1883 945 Nemo
1904 904 1986 960 potest
1997 910 2035 949 ee·

1246 962 1300 1013 nire
1309 963 1342 1014 ad
1352 978 1400 1024 ure,
1413 962 1461 1013 nisi
1474 960 1550 1013 l'ater
1561 962 1602 1029 qui
1616 962 1684 1014 misit
1696 978 1745 1026 ute,
1760 964 1893 1016 attraxerit
1903 981 1962 1016 eam
1978 975 2033 1029 rel,

1247 1030 1329 1084 Nemo
1344 1040 1422 1095 potest
1434 1032 1515 1084 uertite
1526 1031 1560 1082 ad
1575 1047 1622 1093 me,
1636 1033 1684 1084 nisi
1697 1032 1784 1084 datum
1797 1034 1821 1085 ei
1835 1034 1912 1100 (imit
1927 1051 1944 1085 o
1961 1033 2034 1089 Patre

1245 1117 1299 1153 meo
1313 1101 1408 1168 (ioan.
1424 1116 1460 1164 ιι,
1477 1101 1521 1165 tt,
1537 1101 1590 1170 tte)
1606 1118 1613 1152 ι
1630 1111 1673 1166 et,
1691 1100 1750 1155 Non
1763 1119 1849 1154 amires
1863 1105 1968 1170 cundram
1981 1121 2033 1158 rer·

1245 1171 1303 1224 bum
1317 1172 1363 1224 boc
1383 1172 1409 1233 ²,
1423 1172 1472 1224 nisi
1494 1171 1582 1241 quibus
1603 1171 1691 1224 datum
1712 1182 1747 1225 eet
1761 1172 1876 1241 (botru.
1892 1190 1956 1236 aas,
1974 1176 2002 1229 il
2015 1188 2032 1243 ι.

1245 1242 1345 1296 Caetera
1360 1243 1438 1295 etiam
1453 1257 1531 1309 quam
1546 1242 1629 1308 ptrue.

1283 1313 1324 1364 t5.
1348 1329 1357 1362 ι
1375 1310 1481 1364 Frrlsum
1494 1321 1534 1365 est
1547 1326 1620 1379 ergo,
1640 1331 1649 1362 i
1667 1311 1780 1378 inquies,
1798 1330 1808 1363 ι
1827 1313 1899 1380 quud
1915 1315 1953 1367 ait
1967 1321 2032 1385 Apa-

1245 1382 1329 1435 stulus
1339 1380 1373 1435 do
1390 1382 1453 1442 Deo,
1469 1381 1520 1447 Qui
1534 1381 1586 1433 uult
1598 1397 1683 1435 omues
1696 1383 1808 1436 bouunes
1818 1384 1903 1436 antuus
1918 1387 1975 1451 {ieri
1989 1428 1997 1444 ,
2012 1398 2033 1441 et

1245 1451 1280 1503 ud
1299 1451 1449 1520 aquiriouem
1472 1451 1581 1503 ueritatis
1601 1467 1655 1504 aare
1672 1453 1756 1505 eenire
1772 1471 1780 1502 r
1798 1452 1807 1517 l
1817 1454 1824 1505 Ι
1842 1453 1910 1505 Tim.
1936 1471 1964 1516 u,
1981 1457 2033 1527 bii

1244 1521 1358 1576 θιιιιιίιιο
1372 1537 1424 1575 trun
1439 1531 1480 1574 est
1494 1520 1589 1574 laisum
1606 1538 1612 1573 :
1628 1522 1688 1588 quia
1703 1538 1782 1576 unane
1797 1523 1868 1591 quud
1885 1526 1941 1577 rutt
1956 1526 2031 1591 ltere,

1244 1590 1332 1646 iacere
1342 1601 1438 1659 putest,
1451 1606 1501 1645 nee
1512 1605 1619 1658 prorsus
1632 1592 1746 1644 britanna
1756 1593 1892 1646 saturitate
1904 1597 2031 1663 prepeti·

1245 1670 1289 1714 tur
1300 1661 1369 1730 quud
1384 1663 1447 1715 turlt.
1465 1661 1516 1715 Sed
1532 1675 1655 1728 quurua
1676 1661 1750 1714 subis
1769 1671 1798 1715 ut
1818 1662 1931 1727 dicatis,
1952 1680 2032 1734 quare

1246 1732 1314 1785 [leurs
1322 1731 1528 1798 quirultumues
1537 1731 1658 1784 lrurtriues
1668 1730 1755 1785 salros
1766 1732 1833 1796 beri,
1843 1735 2029 1802 quorumdam,

1245 1810 1273 1854 ut
1284 1801 1348 1854 dicit
1360 1802 1440 1855 isaias
1453 1801 1600 1869 propbeta,
1616 1810 1733 1855 excaecat
1750 1803 1843 1857 ocrrlas
1857 1817 1891 1857 ue
1906 1804 2030 1873 rideam,

1243 1881 1269 1924 et
1284 1871 1397 1925 obdurat
1408 1886 1455 1926 eor
1467 1887 1500 1926 ue
1514 1871 1679 1937 intelligam,
1700 1884 1734 1925 ne
1747 1879 1941 1927 convertamur
1953 1883 1980 1929 et
1991 1890 2030 1929 sa-

1244 1950 1340 1995 nemur
1354 1939 1435 2012 (isai.
1451 1957 1487 2005 vr,
1505 1940 1538 1994 ll]
1548 1940 1579 2009 i?
1593 1940 1669 2006 Quod
1682 1956 1773 1995 verram
1794 1956 1855 1996 esse
1867 1945 2030 2009 erarrqeliste

1244 2009 1359 2064 luamus
1372 2011 1522 2077 eorrbrmat,
1537 2012 1629 2065 dieeus
1641 2010 1674 2065 de
1688 2011 1786 2066 lacteis
1802 2029 1808 2064 :
1827 2011 1970 2081 Propterea
1983 2032 2030 2069 noe

1244 2091 1358 2148 poterant
1371 2083 1488 2144 eredere,
1503 2082 1561 2149 quia
1580 2082 1643 2134 diait
1663 2080 1745 2134 isaias
1759 2098 1769 2135 :
1781 2080 1928 2136 Eaeoecauit
1948 2086 2030 2141 aceiae

1243 2167 1340 2215 eorum,
1355 2162 1378 2204 et
1387 2152 1514 2205 induranit
1527 2168 1570 2204 car
1582 2167 1678 2212 eorum,
1692 2162 1721 2204 at
1731 2168 1781 2204 nou
1795 2154 2030 2223 nocentioribus

1242 2221 1381 2287 iuteltiqunt
1394 2222 1478 2284 eorde,
1494 2231 1517 2274 et
1535 2231 1720 2284 convertantur,
1735 2230 1758 2274 et
1770 2238 1858 2274 sanem
1875 2240 1918 2276 eae
1935 2223 2027 2294 (laen.

1243 2307 1288 2356 ιιι,
1305 2292 1349 2357 etl,
1363 2291 1397 2346 tu
1408 2290 1429 2359 ).
1444 2292 1507 2345 item
1528 2291 1553 2343 iu
1571 2291 1713 2360 Evarrgelio
1731 2292 1879 2347 seeundum
1894 2293 2028 2365 naemu,

1242 2377 1302 2414 curu
1322 2362 1412 2416 Jesum
1428 2363 1622 2428 interrogarem
1643 2362 1765 2431 discipuli
1789 2364 1829 2415 sui
1852 2363 1888 2417 de
1907 2366 2028 2431 parabata

1242 2432 1375 2485 sentinis:
1397 2430 1486 2494 Vobis,
1504 2432 1603 2499 iuquit,
1626 2432 1713 2484 datam
1735 2440 1771 2484 est
1791 2449 1866 2487 nosse
1884 2435 2028 2503 nepum

1241 2503 1310 2571 requi
1324 2501 1372 2554 bet
1385 2518 1395 2554 .·
1406 2501 1457 2553 illis
1465 2511 1548 2553 aretem
1558 2503 1600 2569 qui
1610 2502 1672 2571 soris
1684 2512 1749 2564 sum,
1766 2503 1793 2555 in
1806 2504 1936 2574 parabolis
1948 2506 2028 2560 omnio

1241 2572 1325 2639 fierit:
1338 2582 1364 2624 ut
1378 2572 1488 2624 uidentes
1506 2572 1605 2624 uideant
1625 2581 1649 2625 et
1666 2588 1717 2624 non
1736 2573 1847 2638 uideant,
1862 2583 1888 2626 et
1902 2574 2028 2631 audientes

1241 2642 1346 2695 aredium
1361 2653 1385 2695 et
1398 2658 1447 2694 nau
1467 2642 1624 2710 iuteltiqant,
1642 2658 1673 2694 ne
1684 2643 1786 2710 quanda
1796 2653 1988 2708 eauoemamar,
2004 2654 2027 2700 et

1241 2710 1399 2765 diruirtuutur
1420 2712 1455 2764 eis
1479 2720 1580 2776 peccatu
1603 2711 1704 2778 (blare.
1728 2727 1764 2778 ur,
1790 2714 1835 2778 ll,
1859 2713 1924 2782 ts).
1949 2715 2026 2771 Dicite

1241 2781 1330 2847 igitur,
1342 2796 1423 2852 quare
1435 2783 1513 2845 bears,
1527 2781 1570 2849 qui
1586 2791 1709 2850 acceptor
1721 2796 1897 2852 personarum
1912 2800 1965 2839 noir
1978 2794 2024 2851 est,

1240 2860 1267 2904 ct
1280 2852 1335 2906 ιιιΙι
1349 2866 1441 2906 onanes
1463 2851 1585 2904 trotariues
1608 2853 1698 2906 salros
1719 2853 1797 2917 lteri,
1817 2853 1934 2908 aliarum
1949 2855 2025 2911 eor&

1242 2933 1343 2975 reserat
1356 2922 1389 2975 all
1404 2921 1577 2986 eredendum,
1592 2923 1683 2975 oculas
1695 2922 1828 2978 illuminat
1840 2924 1875 2978 ad
1889 2923 2025 2980 videndum

1240 3001 1267 3044 et
1281 2992 1313 3046 ad
1327 2991 1464 3046 sciendum
1481 2993 1637 3060 ascysterium
1660 2993 1734 3060 regeri
1748 2993 1881 3048 coeiorum
1892 3037 1900 3059 ,
1913 3010 1967 3063 qao
1979 2996 2026 3050 sei·

1240 3060 1302 3115 lieet
1322 3063 1387 3117 salvi
1410 3062 1466 3114 lieri
1487 3062 1606 3129 possint;
1627 3063 1738 3116 aliarum
1755 3052 1888 3129 sero,'ut
1910 3065 2026 3121 lectionis

1239 3131 2025 3203 textrrpredixi¹,irrrolrensiuparabulisreritatemmbtaa·

1241 3201 1279 3256 dit
1289 3216 1345 3265 cur,
1358 3211 1474 3257 eseaecat
1487 3203 1590 3264 acrites,
1599 3203 1695 3257 claudit
1706 3198 1795 3268 aures,
1807 3219 1842 3258 ire
1856 3205 2025 3276 semetra·

1239 3273 1332 3326 saltatis
1345 3282 1500 3340 agnuscant,
1515 3288 1548 3326 ue
1561 3273 1744 3327 remissionem
1759 3275 1893 3341 accipiant
1908 3284 2023 3344 peceato·

1240 3344 1320 3396 rum?
1340 3343 1442 3408 Dicite,
1464 3358 1570 3411 quaeso,
1586 3343 1700 3412 qualiter
1719 3345 1776 3397 laec
1797 3345 1857 3399 laea
1880 3347 2024 3416 euangelia

1239 3413 1377 3481 accipitis?
1392 3414 1509 3479 Docere,
1530 3413 1592 3481 quid
1606 3412 1650 3467 bie
1662 3412 1696 3467 dc
1711 3415 1783 3480 Deo,
1800 3417 1845 3484 qui
1865 3416 1922 3469 vult
1937 3430 2025 3472 omnes

1241 3483 1363 3539 buiriiues
1376 3484 1463 3537 salvus
1477 3483 1543 3547 beri,
1558 3483 1683 3538 sentitis?
1698 3484 1767 3538 Eeee
1777 3484 1833 3553 jara
1844 3500 1939 3541 amires
1950 3501 2024 3555 gene·

1240 3555 1332 3609 taliter
1344 3554 1409 3608 salsi
1424 3570 1475 3607 nbn
1487 3563 1560 3619 siun,
1573 3569 1634 3607 eum
1648 3554 1707 3607 aliis
1718 3553 1798 3609 datur
1810 3557 1882 3609 riam
1897 3571 1974 3611 nosse
1986 3572 2024 3611 sa·

1240 3625 1313 3686 luatis,
1324 3625 1383 3678 aliis
1395 3640 1447 3677 aren
1459 3623 1545 3677 datur.
1563 3625 1623 3677 ttae
1636 3625 1723 3694 itaque
1736 3640 1796 3678 cunt
1811 3625 1873 3679 lacit
1886 3627 1964 3690 ueras,
1976 3643 2022 3681 riou

1241 3710 1413 3764 personarum
1428 3695 1582 3761 acceptione
1595 3695 1675 3760 lacit,
1691 3711 1743 3748 nau
1759 3695 1907 3764 iniustitia:
1929 3698 1973 3751 sed
1983 3698 2022 3766 ju·

1240 3767 1311 3819 stitia
1325 3764 1503 3828 inenarrabili,
1516 3772 1543 3817 et
1557 3765 1737 3819 misericordia
1753 3766 1883 3820 indebita.
1899 3767 2020 3834 Quoniam

1242 3851 1304 3889 tero
1319 3834 1381 3889 binc
1396 3834 1493 3903 liquido
1506 3844 1617 3902 utraque
1634 3850 1694 3902 pars
1706 3834 1797 3890 dicere
1809 3837 1878 3890 nibil
1893 3838 2020 3899 salernus,

1241 3906 1381 3960 credamus
1396 3914 1497 3958 teritum
1518 3920 1592 3957 reuru
1615 3906 1707 3959 mortis
1726 3921 1760 3958 ex
1779 3906 1880 3975 iudicis
1899 3908 2021 3961 vuluntate

1242 3975 1367 4043 perulere.
1388 3975 1426 4030 Ne
1449 3976 1587 4045 quisquam
1610 3985 1698 4027 autem
1722 3984 1828 4043 putaret
1842 3974 2021 4031 divinotitio⁸

1242 4046 1309 4105 beri,
1338 4063 1390 4101 ιιιιιι
1420 4059 1513 4099 orurres
1530 4044 1651 4099 bonunes
1664 4044 1759 4099 salvari
1772 4063 1779 4109 ;
1793 4046 1863 4100 dixit
1878 4047 2018 4116 Apostolus,

1243 4116 1292 4180 Qrai
1303 4117 1354 4168 uult
1365 4133 1449 4169 ornnes
1459 4114 1573 4169 bornines
1583 4116 1665 4167 saluos
1677 4116 1742 4183 fieri.
1757 4113 1929 4185 Quapropter
1939 4130 2019 4171 omae

1242 4186 1364 4239 brouriucs
1378 4187 1422 4253 qui
1437 4188 1587 4249 satiaretur,
1614 4185 1668 4238 Dee
1680 4186 1786 4240 volente
1801 4188 1947 4241 salvantur.
1961 4185 2019 4239 bae

1242 4257 1312 4309 euim
1328 4266 1411 4309 rroster
1434 4256 1502 4309 Deus
1526 4254 1609 4308 saluos
1631 4256 1758 4326 faciendi,
1780 4267 1804 4309 et
1827 4255 1934 4309 Dourini
1951 4257 2019 4310 exitur

1242 4328 1329 4379 aruntis
1342 4325 1430 4396 (l'aal.
1447 4341 1530 4389 ιιιιι,
1541 4325 1572 4378 bl
1585 4328 1593 4392 )
1608 4342 1615 4378 :
1631 4334 1668 4385 et,
1686 4326 1751 4388 Quia
1769 4327 1810 4378 ira
1827 4328 1854 4378 in
1868 4331 1951 4396 [rurore
1963 4327 2016 4396 rjai

1242 4407 1265 4448 et
1278 4398 1326 4449 ritu
1340 4399 1365 4449 in
1384 4396 1510 4449 autumate
1520 4396 1600 4463 ipsine
1620 4393 1710 4462 (Paul.
1725 4411 1787 4449 asts
1802 4438 1809 4460 ,
1830 4396 1877 4466 6).
1894 4397 2017 4464 iutelligite

1242 4467 1331 4589 {iraque
1352 4468 1378 4520 iu
1397 4468 1488 4519 lurore
1504 4466 1633 4535 justitiam
1647 4482 1654 4517 :
1669 4466 1696 4518 iu
1717 4467 1857 4521 rutarutate
1884 4466 2017 4523 urisericot·

1260 4551 1323 4589 uarii.

1281 4608 1321 4661 ll.
1342 4605 1605 4660 Praedestiuatiunem
1625 4605 1705 4674 igitur
1719 4621 1837 4676 negare,
1860 4600 2014 4676 quantumi

1243 4678 1324 4731 Deum
1334 4691 1392 4730 esse
1404 4676 1517 4730 breuiter
1526 4677 1705 4744 probavimus,
1714 4677 1831 4731 iuirnmue
1840 4678 2014 4747 blaspbenuure

1242 4757 1283 4802 est
1295 4746 1321 4812 ‘;
1336 4761 1415 4816 quam
1428 4754 1592 4800 neumatum
1606 4787 1613 4811 ,
1627 4747 1697 4799 sieut
1709 4746 1801 4799 soletis
1813 4747 1913 4812 «licere,
1926 4749 1948 4800 iu
1959 4747 2015 4812 spc-

1243 4818 1317 4871 srulis
1326 4816 1455 4872 debemus
1467 4817 1604 4884 accipere;
1619 4816 1703 4870 sedet
1715 4817 1740 4869 iu
1752 4818 1949 4872 Patriarebisct
1959 4816 2012 4868 Pru-

1245 4889 1351 4956 pbetis,
1366 4888 1392 4941 iu
1408 4889 1568 4959 martyribus
1587 4896 1613 4941 et
1632 4886 1852 4952 corilessaribus,
1868 4890 1894 4943 iu
1908 4885 2013 4941 auruum

1244 4959 1342 5012 sanctis
1355 4966 1382 5012 et
1395 4958 1474 5027 digne
1487 4957 1664 5011 servientibus
1680 4958 1743 5010 beo.
1766 4957 1834 5013 lliue
1848 4974 1927 5013 rrenro
1937 4955 2015 5026 glane

1246 5040 1297 5093 tur,
1310 5044 1388 5082 nemu
1398 5029 1532 5097 desperet.
1544 5027 1623 5082 Solus
1635 5028 1705 5082 euim
1717 5029 1846 5083 Durniuus
1859 5030 1910 5083 seit
1919 5028 2017 5098 quisunt

1245 5103 1301 5168 ciris
1319 5098 1359 5170 (u
1375 5098 1443 5152 Tim.
1458 5114 1485 5160 u,
1502 5097 1565 5169 ta).
1581 5099 1609 5152 ln
1629 5107 1756 5167 quantum
1770 5109 1861 5153 atatem
1876 5107 2016 5167 passumus·

1245 5184 1338 5225 orriries
1358 5170 1479 5223 tremisses
1498 5168 1531 5222 ad
1556 5169 1656 5224 bonum
1677 5183 1746 5237 opus
1767 5162 2018 5231 extrortemar,mlll

1245 5242 1459 5309 desperationem
1472 5238 1586 5301 doinus,
1602 5253 1651 5307 pro
1665 5238 1779 5293 invicem
1792 5254 1914 5305 oremus,
1928 5240 1953 5293 ia
1965 5249 2017 5291 ortt·

1246 5320 1336 5380 speetu
1352 5311 1396 5364 bei
1413 5325 1461 5364 aas
1483 5309 1670 5382 tuuutttemus,
1684 5310 1824 5372 diceutes,
1848 5309 1872 5363 F
1873 5312 1908 5363 iat
1922 5307 2017 5363 aoluutet

1247 5392 1290 5434 tua
1305 5380 1416 5452 (blattlr.
1431 5396 1469 5439 ιι.
1493 5381 1553 5449 lli).
1571 5381 1654 5448 ipsius
1667 5381 1719 5434 crit
1734 5382 1875 5447 potestatis
1888 5422 1895 5445 ,
1908 5377 2018 5451 judea·

1247 5453 1272 5506 iu
1289 5451 1366 5506 uobis
1384 5451 1502 5505 debiturn
1529 5461 1632 5505 rumare
1653 5449 1852 5517 damnationis,
1876 5465 1905 5507 et
1925 5448 2018 5523 qratia!

1247 5521 1486 5592 praedestinatianis
1502 5521 1646 5575 indebitam
1662 5536 1825 5591 praerogare.

1280 5704 1288 5733 ¹
1307 5711 1330 5749 tu
1348 5699 1512 5760 unriuseriptis
1523 5696 1603 5755 deest,
1615 5695 1668 5745 boc.

1279 5766 1289 5794 ¹
1305 5764 1340 5812 stc
1357 5768 1410 5810 ttss.
1423 5767 1451 5810 ut
1463 5759 1530 5818 editi,
1543 5765 1568 5808 nt
1579 5756 1776 5827 tectioristentm
1788 5756 1860 5806 dixit.

1280 5827 1290 5855 ⁸
1306 5827 1342 5875 sie
1360 5831 1411 5872 ttss.
1425 5830 1452 5871 At
1463 5822 1532 5877 editi,
1543 5819 1623 5871 diuino
1633 5818 1739 5881 judicto.

1277 5886 1291 5957 ξ
1308 5893 1341 5937 tta
1353 5886 1498 5935 inmanibus
1508 5890 1560 5932 ttss.
1574 5888 1598 5929 tu
1617 5883 1688 5932 editas
1704 5887 1796 5939 autem,
1808 5878 1922 5930 ιἰιιιιιιιιιιι
1932 5869 2028 5935 blumbi·

1249 5963 1297 5999 nua
1308 5956 1350 5999 est.
