4900 6892
422 694 520 767 stro·
557 689 559 692 ‘

421 806 575 865 ilanichans
587 808 709 873 dicimus,
720 809 790 880 qrrod
804 809 853 877 ipsi
865 808 990 876 epitonium
1003 808 1096 863 nolunt
1109 808 1212 870 dicere,

420 906 563 969 propterea
585 899 780 971 redarguuntur
801 900 917 955 arichis.
933 900 1007 955 Sicut
1020 914 1085 970 ergo
1099 900 1213 954 Arianos

421 987 484 1044 ideo
506 996 549 1043 est
571 988 811 1060 haeretierrs‚t1uia
832 990 969 1045 nohiscunr
987 1005 1040 1045 non
1054 990 1119 1044 dicit
1132 1005 1211 1042 unam

420 1079 560 1134 Trinitatis
573 1081 735 1148 essentiam,
748 1081 820 1152 quod
834 1080 972 1137 nobiscum
988 1080 1052 1136 dicit
1065 1082 1144 1135 etiam
1158 1080 1213 1135 ιιι-

419 1166 589 1235 nichnens3ita
599 1181 681 1227 etrus
689 1171 806 1227 haeretiei
814 1171 1065 1238 estis‚nondieendo
1073 1171 1211 1226 nobiseum

420 1261 544 1317 naturale
557 1274 714 1331 peecatum,
728 1263 799 1334 quod
815 1263 952 1318 nobiseum
963 1262 1028 1317 dicit
1039 1263 1118 1316 etiam
1126 1262 1210 1316 ilani·

419 1347 510 1404 chains
519 1350 580 1406 :sed
592 1367 645 1407 non
656 1352 716 1408 ideo
725 1369 817 1408 snmus
827 1352 973 1419 llanichoei;
983 1353 1053 1423 quod
1064 1353 1134 1407 enim
1148 1353 1212 1407 dicit

418 1440 499 1495 etiam
510 1438 627 1506 ille‚non
640 1444 675 1497 ita
687 1443 874 1499 dieimnssicut
885 1445 937 1499 ille.
946 1443 1076 1498 Nosenim
1090 1454 1209 1498 naturam

419 1536 539 1585 nostram
554 1533 649 1587 honam
666 1532 815 1589 uoluntario
828 1543 939 1605 peceato
955 1534 1028 1588 illius
1041 1551 1073 1589 ex
1086 1549 1140 1604 quo
1155 1535 1208 1588 nati

419 1619 707 1685 sumus‚dicimusesse
719 1623 847 1689 vitiatam,
860 1623 930 1678 unde
939 1638 1034 1680 omnes
1042 1623 1091 1678 suh
1101 1634 1210 1692 peccato

419 1711 565 1775 nascimur.
580 1722 606 1768 et
619 1713 675 1782 ipse
686 1723 776 1770 noster
790 1725 864 1770 ortos
876 1715 902 1769 in
915 1715 979 1771 vitio
989 1723 1047 1782 est,
1060 1714 1130 1785 quod
1145 1715 1210 1770 dicit

419 1800 577 1858 Arttbrosius
599 1801 659 1875 (De
682 1803 851 1873 Poenitertio‚
863 1805 907 1859 lii.
919 1806 933 1860 l
947 1846 955 1870 ,
969 1822 1027 1874 cop.
1045 1803 1063 1858 Ξ
1086 1806 1124 1860 oei
1142 1805 1180 1876 ὅ)
1199 1824 1207 1860 :

420 1893 465 1948 ille
486 1904 575 1948 autem
598 1905 719 1950 naturam
741 1896 839 1951 malam
860 1897 936 1952 nohis
951 1906 1039 1966 portat
1051 1899 1059 1928 ¹
1071 1897 1207 1965 alienam,

409 1985 495 2056 ,cujus
517 2000 566 2041 nos
589 1985 703 2041 affirmat
724 1987 914 2043 commixtione
936 2001 1056 2057 peecare.
1069 1988 1206 2058 lienique,

416 2088 469 2130 nos
482 2076 607 2132 sananda·
622 2087 720 2132 nostras
734 2078 814 2132 etiam
826 2078 949 2147 parrulos
962 2076 1099 2133 oderimus
1113 2077 1207 2133 Salea-

416 2167 470 2221 tori
486 2183 496 2221 .·
510 2167 554 2223 ille
569 2180 657 2225 autent
672 2169 806 2225 Christum
821 2187 875 2225 non
891 2170 950 2227 idco
964 2171 1097 2226 existimat
1111 2184 1205 2225 neces·

412 2256 518 2312 sarium
529 2299 538 2324 ‚
551 2266 581 2313 ut
601 2268 723 2315 naturam
741 2269 858 2314 nostram
874 2250 949 2315 sanet
966 2261 993 2315 in
1006 2260 1082 2315 nohis
1094 2300 1102 2326 ,
1116 2258 1163 2316 sed
1178 2269 1207 2314 ut

410 2345 532 2401 alienam
555 2347 678 2418 sejungat
697 2365 711 2402 a
733 2350 819 2404 nohis.
835 2348 930 2404 Cernis
950 2365 1063 2420 nempe,
1079 2357 1106 2404 et
1126 2350 1153 2402 in
1173 2363 1207 2404 eo

409 2437 488 2507 quod
503 2448 639 2507 peccatum
652 2440 771 2495 naturale
784 2440 863 2495 simul
876 2441 1000 2505 dicimus,
1012 2450 1110 2509 ‹prranta
1120 2439 1207 2493 direr-

404 2527 495 2583 sitate
505 2527 645 2583 distemus.
659 2529 787 2585 Similiter
795 2540 822 2587 et
833 2531 858 2584 in
870 2546 903 2585 eo
913 2532 982 2598 unod
993 2531 1071 2584 simul
1081 2530 1204 2595 dicimus,

402 2619 515 2674 malam
529 2635 589 2675 esse
599 2622 841 2691 concupiscentiam
855 2623 953 2686 carnis,
969 2637 1021 2692 qna
1033 2638 1095 2677 caro
1109 2636 1207 2676 coneu-

404 2709 495 2779 piscit
508 2709 637 2766 adversus
649 2713 788 2780 spiritum,
801 2729 861 2767 cum
876 2714 1005 2784 qrraeritnr
1018 2714 1089 2769 unde
1109 2713 1160 2769 hoc
1172 2715 1205 2769 sit

402 2800 536 2867 mahom,
555 2802 737 2859 discretissimi
763 2806 911 2872 reperimur
921 2808 942 2858 ¹.
965 2805 1019 2860 Nos
1045 2807 1116 2860 enirn
1143 2822 1203 2861 curn

405 2893 557 2949 Ambrosio
567 2894 690 2961 dicimus,
707 2897 775 2951 lianc
787 2896 885 2952 loedam
900 2896 1060 2950 discordiam
1073 2897 1161 2951 carrris
1178 2905 1205 2950 et

407 2984 525 3055 spiritus
533 3001 580 3054 per
591 2985 833 3054 praevaricationem
843 2987 918 3054 prinri
928 2987 1042 3041 hominis
1051 2987 1076 3041 in
1086 2996 1203 3041 nostram

404 3074 527 3130 vertisse
541 3085 662 3129 naturam
676 3074 685 3145 (
697 3074 753 3130 Lib.
767 3077 783 3131 7
795 3078 822 3130 ia
834 3074 897 3129 Lrtc.
908 3093 956 3142 ιιι,
970 3076 1023 3143 55)
1038 3094 1044 3130 :
1058 3077 1103 3131 illc
1114 3085 1202 3132 autem

404 3181 474 3223 cum
491 3166 547 3220 suls
561 3164 638 3230 dicit,
650 3176 679 3220 ut
695 3167 806 3221 invicem
821 3166 997 3221 adversemur
1011 3181 1074 3222 caro
1086 3176 1113 3221 et
1125 3167 1204 3236 spiri-

406 3264 467 3323 tus,
482 3257 595 3313 alienam
606 3257 693 3326 nohis,
707 3269 766 3328 quc
778 3253 884 3327 s'emper
896 3258 964 3312 rnala
979 3259 1044 3323 init,
1058 3258 1203 3314 adlrmsissc

405 3355 546 3402 naturane.
570 3345 647 3403 Unde
673 3363 723 3403 nos
745 3349 879 3417 poscimus
902 3348 1086 3415 Salinatorem,
1104 3363 1132 3404 nt
1152 3348 1203 3404 hoc

407 3438 507 3494 vitium
528 3447 649 3494 nostrum
664 3448 772 3495 sanetur
787 3458 793 3494 :
809 3440 852 3494 ille
863 3455 938 3501 roro,
950 3449 1004 3494 uta
1020 3441 1095 3496 nohis
1116 3440 1202 3496 aliena

407 3542 530 3599 natura,
549 3548 608 3603 qrrai
628 3533 718 3588 sartari
739 3534 849 3588 omnino
872 3549 923 3587 non
945 3541 1041 3603 potest,
1055 3534 1201 3590 anlerntur.

409 3626 501 3687 Etiam
516 3625 558 3681 tric
571 3640 618 3680 cur
631 3641 684 3680 non
699 3626 825 3689 attendis,
839 3626 865 3679 in
876 3640 908 3681 co
920 3626 990 3696 qnod
1003 3627 1091 3681 carnis
1103 3642 1202 3681 concu-

409 3714 568 3788 piscentiam
581 3713 684 3784 spiritni
697 3715 864 3770 resistentem
878 3714 955 3769 simul
966 3715 1062 3770 malam
1078 3715 1200 3782 dicimus,

409 3813 511 3876 quanta
526 3804 739 3861 dissimilitudine
753 3805 923 3874 separemur?
935 3805 989 3861 Cur
1003 3821 1056 3860 non
1069 3807 1200 3877 attendis,

409 3910 461 3951 trec
475 3909 526 3950 nos
538 3910 598 3952 esse
617 3895 794 3963 ticinenses,
805 3897 866 3966 qnia
877 3897 888 3929 ⁸
901 3912 961 3952 curn
976 3899 1015 3951 eis
1030 3898 1116 3969 aliqua
1136 3898 1202 3954 diri-

409 3998 486 4051 tnus;
497 3993 525 4041 et
539 3999 586 4039 ros
597 4001 657 4042 esse
670 3984 820 4051 hereticos,
832 3988 956 4056 quoniam
966 4002 1026 4042 curn
1041 3988 1080 4043 eis
1092 3988 1135 4043 illa
1146 4004 1199 4042 non

409 4074 518 4131 dicitis?
532 4076 560 4130 Si
571 4076 641 4131 enirn
656 4091 716 4131 cnm
729 4077 782 4132 illis
794 4076 918 4132 diceretis
931 4092 990 4132 esse
1004 4078 1131 4132 naturalia
1143 4093 1201 4133 ma·

410 4164 454 4236 la,
466 4176 494 4221 et
509 4166 645 4221 uolriscum
664 4176 756 4222 contra
771 4167 832 4222 illos
844 4166 968 4222 diceretis
982 4166 1052 4222 unde
1065 4170 1118 4222 sint
1132 4169 1199 4234 ista,

410 4256 473 4327 quia
491 4272 545 4310 non
557 4267 619 4311 sunt
634 4257 668 4311 de
681 4258 765 4312 aliena
784 4267 877 4311 natura
890 4258 944 4311 lieo
958 4266 1089 4312 cooeterna
1104 4298 1112 4322 ,
1126 4257 1202 4313 Pela-

409 4346 481 4417 giani
491 4345 667 4402 haereticinon
678 4349 771 4403 essetis
782 4366 788 4403 :
799 4347 1198 4417 nunerero'coneupiscentiam

409 4448 462 4505 qna
475 4450 539 4491 caro
551 4437 711 4507 concupiscit
721 4446 811 4492 contra
821 4437 955 4508 spiritum,
970 4439 1090 4508 negando
1104 4439 1200 4493 ntalem

409 4538 489 4591 csse,
500 4525 570 4580 etde
581 4527 670 4580 vitiata
684 4537 777 4581 natura
792 4536 882 4583 nostra
895 4542 972 4592 esse,
985 4528 1070 4583 facitis
1080 4538 1109 4583 ut
1121 4529 1158 4583 illi
1168 4544 1200 4584 ex

409 4615 497 4671 aliena
511 4631 572 4673 esse
585 4619 744 4674 concludant
755 4636 762 4684 ;
774 4635 806 4674 ac
817 4620 855 4675 sic
867 4629 894 4675 et
906 4619 1025 4676 heretici
1039 4621 1100 4676 nori
1116 4622 1199 4689 estis,

408 4716 437 4761 et
447 4706 588 4764 lteretieos
600 4717 714 4776 ueteres,
724 4725 791 4779 queis
798 4725 923 4780 pervorse
939 4708 1037 4780 lugitis,
1046 4699 1198 4782 cilicinis&

409 4796 511 4855 Desine
524 4816 588 4871 crgo
602 4801 665 4855 mihi
686 4816 822 4871 opponere
837 4803 991 4872 magistrum
1006 4803 1198 4870 hieronimum,

410 4888 460 4945 scd
482 4904 586 4944 urceum
603 4891 691 4961 potius
710 4905 822 4961 sequere
842 4891 1012 4946 llmhrosium
1025 4909 1032 4954 ;
1047 4902 1073 4947 et
1087 4893 1200 4948 Arianos

407 4977 525 5042 intuere,
538 4993 637 5049 eosque
652 4980 677 5034 in
690 4995 723 5034 eo
735 4981 839 5045 saitem,
852 4980 922 5051 quiid
937 4991 962 5035 te
977 4981 1071 5036 melius
1084 4983 1199 5052 sapiunt,

407 5066 526 5132 irnitare;
540 5071 584 5137 nui
600 5085 648 5123 nos
661 5070 819 5124 llanielruos
829 5084 888 5126 esse
899 5086 951 5125 non
963 5071 1065 5137 dicunt,
1081 5075 1200 5142 qunnrvis

406 5157 757 5215 cornilaniehoeisdicamus
772 5175 852 5214 unam
867 5161 951 5216 Patris
964 5170 992 5215 et
1005 5160 1064 5215 Filii
1080 5162 1199 5232 etSpiri·

407 5256 452 5302 tris
467 5249 551 5303 saneti
568 5263 627 5304 esse
642 5260 763 5305 naturam
775 5291 783 5318 ,
797 5250 841 5305 uhi
861 5251 939 5306 nohis
958 5252 1200 5308 contentiosissime

406 5337 606 5392 courtmdicnnt.

443 5425 540 5482 xxxi.
554 5428 613 5484 dut.
626 5430 722 5485 ilerum
735 5429 920 5486 relrernentem
933 5431 1109 5501 objectionem
1125 5442 1201 5488 outn-

440 5624 449 5654 ¹
469 5628 547 5681 torte,
559 5622 681 5686 importat.

438 5684 504 5734 ‘sic
524 5691 577 5734 us.
596 5685 653 5735 editi
670 5697 744 5744 vero,
760 5683 930 5738 discretissimo
945 5685 1087 5750 reperiatis.

440 5746 451 5776 ⁸
468 5745 612 5806 turnicius,
622 5745 671 5809 ptri.
681 5753 745 5807 tiss..
758 5747 825 5810 onio.

439 5804 451 5837 ⁸
468 5805 535 5865 ruiti,
557 5818 615 5864 oum
634 5808 660 5869 ιιι
677 5806 724 5867 itis,
741 5821 852 5870 peruerse
869 5807 999 5870 odjrrootia.
1017 5815 1046 5859 ιι
1061 5814 1125 5869 tiss,
1144 5824 1202 5874 piros

406 5879 519 5929 percurre
529 5865 613 5930 niphis
620 5881 628 5930 ,·
642 5870 647 5917 ι
676 5875 723 5926 est,
736 5870 760 5919 in
772 5883 915 5932 perversum
927 5871 1049 5921 tendendo
1061 5886 1068 5921 :
1081 5887 1129 5934 niro
1141 5888 1200 5921 sen-

405 5940 437 5977 su
449 5940 482 5976 ex
495 5927 557 5978 lihro
568 5930 677 5979 wcuttdo
697 5929 730 5979 de
749 5931 840 5993 mrptiis
859 5939 885 5980 et
895 5934 1100 5996 coucupiscentia,
1122 5947 1145 5981 ιι.
1160 5935 1199 5993 5⁸,

363 6044 366 6049 ,
405 6001 488 6050 supra,
498 6003 525 6039 en
535 5989 596 6048 sits,
606 5991 702 6059 dieitur,
713 5991 738 6040 in
750 6005 894 6061 percensum·
900 5993 974 6044 ultore
985 6002 1111 6057 cortrtntnr,¹
1120 6004 1143 6045 et
1157 5998 1202 6044 iin-

405 6050 466 6100 dcrn
478 6063 550 6112 pano
562 6059 623 6113 post,
635 6065 660 6102 nr
674 6066 811 6114 perrernnn
822 6052 916 6118 [tigrius.

1082 694 1182 751 tinen
1201 693 1359 761 unimus,

1991 706 2058 767 idid

1268 807 1312 872 sti,
1328 818 1356 862 nt
1377 808 1480 865 diceres
1499 811 1569 867 unde
1587 812 1613 867 in
1634 813 1692 882 ipso
1713 813 1799 883 primo
1813 816 1820 847 ¹
1834 814 1941 871 hornrne
1962 818 2004 871 rel
2029 820 2059 873 in

1267 898 1373 955 diaholo
1386 902 1430 971 qui
1442 903 1553 973 arrpelus
1562 902 1648 959 laetus
1659 905 1753 971 lucrat,
1766 906 1834 960 mala
1849 908 1995 963 exstitisset
2008 923 2057 964 ro·

1267 987 1466 1060 lrttttus:quarn
1487 1002 1575 1047 tamen
1596 995 1636 1049 ais
1656 994 1716 1049 idco
1736 1010 1796 1051 esse
1818 1005 1903 1051 orum
1927 998 1953 1051 in
1976 1014 2058 1068 opere

1268 1078 1329 1142 tici,
1344 1079 1440 1147 idest,
1454 1082 1496 1136 rel
1511 1082 1538 1137 in
1552 1083 1663 1151 angelo,
1680 1085 1720 1140 rel
1736 1086 1762 1139 in
1781 1084 1905 1150 immine,
1919 1103 1973 1142 non
1994 1091 2056 1159 qnia

1266 1166 1313 1223 Dei
1335 1182 1402 1237 opus
1415 1179 1489 1236 erat,
1503 1171 1550 1225 sed
1571 1172 1631 1240 qrria
1645 1173 1679 1227 de
1700 1174 1783 1228 nihilo
1800 1173 1886 1230 lactus
1908 1177 2056 1233 emhilde

1263 1269 1328 1326 ergo
1348 1272 1382 1312 ne
1398 1267 1426 1313 et
1449 1269 1476 1313 ιιι
1496 1275 1543 1330 per
1554 1261 1652 1316 alteras
1672 1263 1727 1316 rias
1741 1273 1869 1318 ruteniam
1884 1264 1958 1320 dicas
1973 1267 2055 1321 luisse

1264 1347 1326 1399 mali
1348 1350 1543 1405 necessitatem.
1559 1352 1625 1406 narn
1639 1353 1660 1406 si
1679 1352 1736 1408 haec
1754 1354 1803 1408 init
1821 1371 1899 1409 carisa
1915 1359 2051 1412 exoriendi

1265 1437 1327 1491 rnali
1341 1438 1462 1508 inopere
1476 1441 1540 1508 liei,
1554 1446 1680 1512 (pusiniam
1693 1445 1726 1498 de
1740 1444 1823 1501 nihilo
1838 1447 1863 1500 id
1877 1446 1974 1501 laetrrm
1993 1464 2054 1503 esse

1263 1527 1404 1584 corrstahat
1417 1546 1425 1594 ;
1438 1541 1579 1601 arroequam
1601 1533 1676 1587 lieret
1699 1543 1788 1588 autern
1807 1535 1877 1604 qrrod
1901 1537 2053 1601 esset‚hce

1262 1618 1375 1675 nihilum
1388 1637 1494 1692 semper
1508 1625 1570 1690 luit,
1586 1625 1611 1678 id
1625 1634 1679 1691 est,
1695 1636 1837 1694 antequam
1849 1625 1926 1681 lieret
1940 1627 1966 1681 id
1980 1630 2051 1697 orrod

1261 1721 1349 1778 essct,
1365 1729 1499 1783 tttrrrquam
1518 1716 1617 1786 aliquid
1635 1716 1700 1782 luit,
1714 1727 1742 1772 et
1760 1718 1811 1773 hoc
1830 1719 1899 1789 qnod
1917 1735 2051 1788 rrtrtrquarn

1262 1799 1327 1869 init,
1343 1802 1409 1858 nihil
1430 1803 1511 1860 luisse
1530 1806 1627 1860 dicitnr
1640 1826 1647 1860 :
1662 1808 1696 1863 ah
1717 1818 1817 1864 aeterno
1835 1825 1899 1880 ergo
1916 1826 2050 1880 nunqnam

1261 1889 1319 1953 luit.
1335 1892 1405 1960 quod
1420 1907 1473 1948 non
1487 1893 1536 1949 luit
1548 1905 1689 1966 antennam
1705 1899 1805 1952 liereta
1821 1900 1887 1963 Deo,
1899 1901 1976 1969 cujus
1987 1901 2051 1956 suh·

1260 1981 1357 2035 stantia
1376 1981 1433 2037 sola
1454 1985 1514 2041 sine
1536 1985 1665 2055 principio
1678 1998 1720 2041 est
1734 2006 1741 2041 z
1756 1988 1807 2043 hoe
1828 2004 1892 2059 ergo
1912 1991 2007 2055 inane,
2024 1992 2050 2047 id

1259 2079 1312 2137 est,
1327 2070 1403 2137 nihil,
1417 2081 1560 2144 antequam
1576 2091 1624 2144 per
1638 2093 1726 2131 rerum
1740 2075 1860 2132 [irritetur
1870 2080 2048 2147 existentiam,

1259 2153 1367 2232 semper
1387 2163 1446 2218 luit.
1464 2164 1522 2220 Non
1541 2181 1606 2235 erpo
1619 2166 1716 2222 iactum
1735 2178 1775 2224 est
1788 2169 1839 2224 hoe
1853 2169 1964 2224 nihilum
1980 2188 1988 2223 ε
2002 2173 2050 2226 sed

1258 2249 1336 2308 lance
1348 2265 1410 2309 snm
1423 2266 1597 2321 creaturu‚et
1610 2258 1674 2313 illud
1689 2259 1754 2314 nihil
1768 2275 1827 2316 esse
1841 2263 1962 2317 cessarit.
1979 2260 2006 2317 ln
2017 2278 2049 2317 ea

1258 2358 1323 2414 erpo
1337 2355 1537 2416 ereatura‚quae
1548 2348 1615 2404 lacta
1629 2348 1663 2404 de
1678 2349 1760 2404 nihilo
1773 2360 1825 2414 est,
1841 2360 1870 2404 tu
1881 2352 1940 2406 ideo
1949 2352 2047 2406 malum

1258 2439 1447 2492 commentaris
1458 2449 1594 2506 exortum,
1610 2440 1733 2509 quoniam
1746 2441 1779 2496 de
1792 2442 1876 2496 nihilo
1890 2441 1959 2498 laeta
1972 2454 2041 2497 erat.

1257 2522 1355 2578 llalnm
1369 2541 1432 2596 ergo
1453 2529 1479 2581 in
1497 2526 1605 2584 homine
1622 2537 1744 2585 exortum
1759 2531 1855 2601 origini
1874 2535 2046 2604 reprrtaristi;

1258 2623 1337 2685 atque
1348 2617 1433 2686 «trigo,
1446 2618 1473 2672 id
1485 2628 1527 2673 est
1538 2660 1546 2685 ‚
1558 2619 1681 2687 nihilum,
1694 2620 1791 2677 dicitur
1804 2639 1819 2676 a
1835 2631 1861 2677 tc
1873 2638 1951 2676 earrsn
1967 2622 2048 2679 inisse

1260 2707 1372 2772 peccati.
1388 2706 1446 2762 Non
1461 2709 1548 2775 enim,
1560 2709 1662 2777 inquis,
1676 2719 1815 2779 propterea
1829 2712 1856 2765 in
1870 2711 1979 2768 horrtine
1993 2728 2048 2767 rna·

1257 2793 1312 2849 lurn
1334 2806 1455 2851 exortum
1469 2808 1524 2862 est,
1540 2800 1665 2868 quonium
1680 2817 1695 2855 a
1712 2801 1767 2854 Deo
1781 2799 1866 2855 iaetus
1881 2800 1983 2868 iuerat;
1999 2806 2046 2859 scd

1256 2886 1372 2954 quiade
1393 2887 1478 2942 nihilo
1504 2889 1590 2945 laetus
1612 2889 1707 2945 iuerat.
1726 2890 1755 2946 Si
1778 2907 1843 2962 ergo
1867 2893 1927 2948 ideo
1948 2897 2046 2950 malurn

1256 2985 1377 3030 exortum
1403 2990 1467 3045 est,
1490 2979 1551 3047 quia
1578 2981 1696 3035 conditio
1722 2980 1798 3037 nihili
1825 2983 1998 3053 precedentis
2020 2986 2046 3041 id

1252 3054 1362 3136 ‘exegiu
1378 3066 1429 3122 lroc
1443 3079 1531 3125 autem
1547 3070 1657 3125 nihilum
1671 3080 1801 3127 aeternum
1815 3073 1864 3128 luit
1878 3092 1885 3128 :
1901 3076 2047 3132 immutatis

1255 3159 1356 3212 territis
1375 3159 1489 3214 incidisti
1501 3162 1523 3223 ¹.
1535 3172 1562 3216 ct
1576 3161 1677 3230 pendes
1694 3162 1805 3217 ornnino
1823 3164 1849 3218 in
1871 3167 2046 3235 praeceptoris

1255 3247 1408 3318 tollenono,
1420 3261 1449 3305 ut
1464 3252 1562 3307 nralurn
1575 3253 1655 3308 autho
1668 3253 1702 3307 ab
1713 3263 1815 3308 mterno
1827 3270 1887 3311 esse
1899 3256 2044 3313 iateanrini.

1255 3338 1307 3394 Sed
1328 3341 1353 3393 in
1375 3341 1426 3396 hoc
1446 3358 1553 3413 qnoque
1574 3344 1620 3400 ille
1640 3344 1955 3414 prudentiortindueens
1973 3352 2044 3406 enim

1255 3430 1376 3485 naturale
1389 3440 1526 3499 peecatum
1536 3475 1544 3498 ‚
1555 3433 1622 3487 dixit
1634 3444 1760 3489 aeternam
1775 3435 1856 3501 luisse
1870 3437 2045 3495 substantiam

1255 3519 1441 3585 terrebimur,
1456 3537 1516 3589 quae
1537 3523 1596 3576 sine
1617 3523 1753 3579 voluntate
1777 3527 1924 3593 peccatoris
1945 3529 2044 3584 mulum

1254 3609 1306 3666 hoc
1320 3611 1408 3666 inesse
1422 3613 1605 3681 compelleret.
1621 3613 1669 3669 liei
1685 3631 1766 3685 ergo,
1780 3616 1857 3685 cujus
1871 3616 1984 3674 lueiehat
1995 3636 2046 3676 ne-

1253 3701 1415 3765 cessitatem,
1429 3712 1564 3758 auctorem
1581 3703 1665 3770 dedit,
1679 3715 1709 3759 ut
1722 3706 1820 3761 malum
1836 3707 1906 3777 quod
1919 3709 2043 3764 substan-

1254 3793 1304 3848 tias
1318 3793 1488 3862 perradehat‚
1501 3793 1637 3851 rideretur
1646 3796 1746 3853 hahere
1759 3807 1897 3868 cogentem
1914 3818 1921 3854 ε
1938 3809 1966 3856 tu
1979 3817 2044 3857 vero

1254 3883 1362 3954 plumbo
1376 3884 1474 3955 ingenii
1489 3902 1542 3940 nrm
1563 3885 1683 3954 ferendo,
1696 3889 1840 3946 conlirmas
1857 3893 2042 3949 necessitatem

1252 3977 1315 4031 mali
1327 4019 1335 4044 ‚
1349 3977 1396 4032 sed
1412 3993 1493 4048 negas
1512 3980 1679 4036 necessitatis
1700 3995 1846 4038 auctorem.
1867 3984 1899 4039 Et
1924 3985 1994 4042 sieut
2016 3989 2042 4042 in

1253 4068 1384 4136 parvulis,
1399 4070 1433 4122 ita
1456 4070 1482 4123 iu
1502 4070 1561 4140 ipso
1584 4071 1674 4142 priore
1697 4074 1799 4143 peccati
1817 4084 1958 4144 operatore
1974 4092 2043 4147 opus

1252 4155 1405 4225 relinqrris3
1430 4173 1462 4212 ao
1497 4160 1563 4214 dicis
1595 4161 1686 4215 nescio
1716 4161 1779 4231 quid
1811 4179 1936 4233 acapnum
1964 4181 2043 4235 posse

1253 4245 1379 4317 intelligi,
1393 4256 1423 4303 ut
1437 4247 1501 4302 illud
1515 4250 1579 4303 nihil
1595 4251 1710 4306 valuerit
1724 4251 1885 4322 plurimum,
1901 4270 1962 4311 curn
1975 4256 2042 4312 nihil

1252 4345 1334 4392 efflei.

1286 4427 1356 4483 Auc-
1375 4426 1446 4483 Nilril
1461 4428 1544 4497 cales,
1565 4429 1613 4485 sed
1636 4438 1674 4497 tn,
1696 4429 1841 4487 asserendo
1864 4431 1934 4502 (ιιοιι
1957 4434 2040 4501 nihil,

1252 4532 1312 4572 cum
1334 4519 1370 4572 sit
1393 4519 1469 4583 nihil,
1492 4520 1578 4575 valeat
1600 4521 1727 4591 aliquid:
1751 4537 1800 4577 nec
1822 4523 1957 4594 intelligis,
1979 4541 2040 4580 cunt

1253 4605 1350 4663 dicitur
1369 4608 1439 4664 Deus
1461 4609 1496 4665 de
1517 4612 1601 4666 nihilo
1625 4612 1719 4668 iecisse
1740 4629 1799 4683 qrrae
1824 4613 1895 4679 lecit,
1917 4631 1970 4670 non
1990 4617 2042 4673 diei

1253 4697 1334 4767 aliud,
1349 4700 1400 4754 nisi
1412 4702 1474 4770 quia
1487 4702 1521 4757 de
1534 4719 1564 4758 se
1577 4705 1635 4773 ipsu
1648 4721 1700 4759 non
1716 4705 1780 4761 lecit
1794 4725 1801 4760 ε
1818 4722 1869 4761 non
1885 4709 1955 4763 enim
1969 4719 2042 4764 ante

1252 4803 1332 4857 quam
1354 4790 1454 4862 aliquid
1478 4792 1593 4859 laceret,
1616 4804 1779 4850 coremrnurn
1804 4797 1840 4851 illi
1864 4807 1922 4852 erat
1943 4799 2041 4870 aliquid

1252 4877 1351 4935 lacere.
1366 4882 1404 4936 De
1424 4882 1506 4937 nihilo
1521 4891 1562 4938 est
1576 4899 1656 4953 erpo,
1671 4886 1742 4955 qrrod
1756 4903 1809 4941 ιιοιι
1824 4896 1865 4943 est
1883 4889 1917 4945 de
1930 4887 2041 4961 aliquo:

1252 4973 1313 5040 qrria
1327 4973 1376 5027 etsi
1395 4972 1456 5028 lecit
1471 4975 1541 5029 heus
1560 4975 1647 5045 aliqua
1668 4976 1702 5032 de
1715 4977 1774 5032 aliis
1792 4980 1891 5047 rebus,
1908 4981 1956 5036 has
1971 4985 2043 5052 ipsus

1253 5060 1395 5132 dequibus
1409 5078 1440 5117 ca
1461 5063 1537 5127 lecit.
1553 5063 1586 5119 de
1607 5066 1686 5121 nullis
1710 5067 1808 5123 lecerat
1822 5070 1911 5124 rehus.
1927 5072 2043 5128 Peccare

1253 5160 1342 5207 autern
1358 5152 1428 5206 nulla
1443 5169 1486 5210 res
1502 5166 1600 5224 posset,
1614 5157 1635 5211 si
1651 5157 1685 5212 dc
1701 5167 1793 5213 natura
1809 5160 1856 5216 net
1872 5162 1939 5215 iacta
1952 5174 2041 5226 essct;

1254 5257 1303 5299 nee
1322 5243 1376 5311 iam
1402 5244 1467 5299 [ricta
1489 5247 1594 5312 esset³‚
1615 5248 1663 5303 sed
1684 5247 1718 5303 de
1738 5249 1784 5302 illo
1804 5263 1893 5316 esset,
1915 5252 2042 5322 qrridqnid

1253 5342 1341 5397 esset,
1356 5343 1384 5388 ct
1404 5332 1456 5388 hoc
1476 5337 1546 5405 nuod
1561 5336 1605 5392 ille
1626 5347 1717 5393 esset:
1733 5338 1800 5392 sient
1821 5339 1888 5394 esti
1908 5342 2002 5410 Filius,
2019 5357 2046 5402 et

1254 5422 1368 5492 Spiritus
1381 5434 1498 5489 sanetus,
1511 5431 1636 5496 quostiam
1650 5428 1684 5483 de
1699 5429 1744 5483 illo
1758 5439 1830 5495 sunt,
1847 5430 1897 5487 hoc
1911 5435 1982 5504 quud
2000 5437 2044 5492 ille

1253 5524 1333 5581 sunt,
1355 5514 1423 5570 alius
1443 5517 1591 5584 nascendo,
1612 5519 1680 5573 alius
1698 5520 1885 5590 procedendo;
1906 5534 1986 5594 atquc
2009 5527 2043 5580 ita

1256 5721 1265 5772 ἐ
1287 5687 1299 5796 ’1
1313 5689 1488 5761 ιἰιιιιοι·ιιιε,ιιι
1500 5689 1551 5756 ipso
1561 5690 1664 5744 ltonrine.
1672 5694 1815 5757 adjecimus,
1825 5695 1910 5760 priario,
1917 5710 1949 5746 ex
1961 5708 2043 5745 unitu-

1254 5757 1404 5862 suppum
1416 5813 1557 5874 adlidimns,
1570 5815 1685 5867 incidisti.

1287 5872 1297 5903 ¹
1308 5880 1356 5922 ttoc
1367 5876 1425 5923 item
1437 5874 1489 5924 loto
1500 5880 1644 5928 anctoritate
1655 5879 1870 5938 rriannscriptorum
1882 5877 2040 5935 restituimus,

1254 5944 1298 5983 nec
1314 5934 1369 5995 junt
1387 5936 1540 5999 fitctoessm
1562 5952 1589 5989 ac
1601 5939 1671 6002 paulo
1693 5948 1756 6003 post,
1767 5945 1790 5989 et
1809 5937 1853 5988 irco
1872 5937 1937 6002 qnod
1954 5936 1995 5990 illc
2006 5951 2042 5990 a·

1255 6002 1297 6086 st..
1314 6063 1392 6118 rorte,
1404 6065 1435 6107 et.
