4900 6892
406 636 467 694 tant
987 602 999 626 ⁰

405 756 443 800 tos
457 747 555 813 quippe
569 758 584 798 s
600 743 652 796 rita
665 741 710 795 [lei
723 739 869 799 detestatus
879 739 1020 807 apostolus
1035 752 1086 790 uon
1103 736 1199 789 luisset

406 834 512 906 (Epire.
526 849 564 897 rr,
578 833 631 900 ra),
644 835 666 885 sl
680 846 758 900 poeua
773 832 843 884 nulla
859 841 940 884 esset.

439 925 582 982 Lxxa'ttt.
601 925 661 979 lus.
682 924 784 991 Quibus
804 923 923 977 collectis
942 923 1054 975 alterum
1077 928 1199 974 teneatur

403 1035 515 1076 neeesse
529 1027 570 1073 est
584 1034 615 1071 er
632 1017 735 1071 duobus
751 1035 757 1070 :
773 1015 911 1081 videlieet,
927 1024 955 1069 ut
969 1023 1014 1068 ant
1029 1015 1089 1068 talis
1109 1014 1202 1068 ereda·

405 1121 448 1166 tur
467 1112 544 1174 lleus,
562 1108 666 1178 qualem
682 1108 809 1176 eorrltngit
825 1107 1006 1161 'traducianus
1021 1105 1200 1170 llnnirbaus3

406 1212 452 1256 aut
465 1202 526 1256 talis
540 1200 695 1269 intelligaris
706 1214 766 1253 eum
778 1198 901 1254 omuibus
911 1199 955 1268 qrri
969 1199 995 1253 in
1008 1198 1123 1252 traducis
1136 1199 1201 1251 seito

407 1292 571 1355 omeeonnr,
587 1291 690 1361 qualern
706 1289 877 1359 deprnliatur
891 1290 1035 1343 ltonorntus
1050 1290 1128 1343 [leus.
1143 1287 1201 1342 Nou

407 1393 494 1438 sutem
506 1393 662 1453 potestesse
674 1381 742 1435 Deus
765 1380 835 1446 talis,
858 1381 963 1450 qrralem
979 1379 1137 1434 llaniebnus
1157 1393 1201 1433 so·

407 1476 507 1540 niniat;
524 1474 570 1529 sed
594 1482 635 1528 est
657 1473 725 1543 pius,
747 1471 844 1541 justus,
859 1481 887 1526 et
910 1487 988 1525 verus
1005 1471 1201 1538 [lensensium

407 1567 496 1620 omnis
508 1575 599 1620 saneta
614 1565 760 1634 Scriptura,
773 1563 860 1617 omnis
874 1562 918 1617 lex
931 1571 957 1616 et
973 1562 1037 1616 lldes
1050 1571 1139 1616 trostra
1154 1576 1202 1617 re·

410 1665 526 1711 noratur.
541 1659 580 1711 lle
594 1671 642 1725 per
656 1655 716 1719 boe,
733 1654 783 1707 boc
800 1661 842 1707 est
857 1662 930 1707 tuum
950 1652 1045 1722 dogma
1058 1654 1076 1717 ¹,
1089 1651 1159 1720 arrad
1174 1661 1203 1705 ut

409 1762 468 1800 eum
498 1747 543 1800 Dei
573 1746 665 1816 injuria
690 1745 851 1815 suscipitur,
875 1746 910 1798 ita
934 1759 995 1800 eum
1018 1744 1076 1813 ejus
1101 1745 1202 1798 bonore

409 1841 564 1894 destruitur.

445 1930 559 1985 linesi
583 1930 654 1999 pium
675 1928 757 1983 Deum
781 1927 900 1994 sentitis,
923 1942 1005 1997 quare
1025 1928 1200 1989 Salvatorem,

412 2022 460 2076 boe
475 2031 526 2086 est,
542 2022 633 2077 lesum
649 2036 664 2074 a
680 2020 797 2090 paruulis
817 2021 897 2089 impie
920 2020 1083 2089 probibetisl
1106 2019 1133 2075 Si
1157 2022 1201 2089 ju·

332 2125 335 2129 ·
411 2125 491 2179 stum,
507 2130 588 2183 qtrare
608 2128 689 2183 grure
707 2127 787 2181 super
806 2113 930 2182 parrulos
946 2113 1037 2182 jugum
1052 2113 1110 2166 sine
1125 2114 1202 2166 ullius

413 2205 510 2272 peceati
538 2204 640 2259 meritis
663 2203 790 2258 creditis?
811 2202 838 2258 Si
862 2218 966 2265 uerunt,
982 2218 1063 2273 quaro
1084 2203 1200 2269 dicenti,

412 2294 525 2347 llrtldnrn
540 2295 566 2347 in
579 2295 646 2362 filias
661 2303 761 2363 potrum
776 2303 888 2363 peecata,
901 2309 954 2347 non
968 2292 1095 2348 creditis?

444 2385 587 2439 txttttttt.
603 2385 662 2439 ius.
675 2385 792 2453 Tempus
805 2393 847 2439 est
860 2394 890 2438 ut
902 2384 935 2438 ad
949 2383 1000 2438 alia
1016 2394 1200 2438 transeamus:

411 2478 456 2532 sed
470 2477 586 2547 reposcit
598 2492 612 2529 a
623 2476 700 2531 nobis
714 2490 801 2529 causae
818 2475 943 2544 dignitas,
955 2483 983 2528 ut
1001 2476 1080 2529 etiam
1098 2489 1129 2527 ea
1144 2488 1202 2541 eptae

409 2568 539 2636 superiori
551 2567 619 2621 libro
629 2574 752 2634 putamus
763 2564 953 2634 praetermissa,
966 2562 1116 2616 reddamus.
1126 2561 1201 2627 Quod

408 2660 518 2730 peridem
534 2658 651 2728 prudeus
670 2658 753 2711 laetor
767 2670 993 2726 supervacaneum
1009 2655 1116 2709 torsitan
1130 2654 1202 2723 judi·

405 2751 479 2806 sabb
493 2767 499 2801 ;
515 2759 602 2803 tamen
616 2749 740 2817 qrroniam
753 2754 918 2816 compertum
933 2755 984 2809 est,
998 2761 1086 2799 rerum
1098 2745 1202 2812 perieu-

411 2839 441 2892 lis
453 2838 600 2907 depositam
616 2851 723 2891 eausam
740 2837 821 2890 etism
839 2835 941 2889 leuibus
959 2833 1107 2897 inbarere;
1121 2849 1200 2902 opera

411 2937 460 2989 est.
475 2928 571 2997 quibus
585 2927 707 2996 presidia
721 2925 871 2989 sustuleris,
882 2923 988 2978 auterre
1000 2924 1103 2978 solatia.

445 3021 510 3074 boa.
530 3018 660 3091 Quoniam
682 3017 708 3070 iu
729 3016 780 3070 alia
801 3015 913 3069 transire
935 3013 1050 3081 erupisti,
1063 3014 1116 3082 jam
1129 3014 1200 3082 ‹ruod

412 3108 532 3175 saperius
544 3107 723 3175 prounsimus‚
733 3105 861 3159 debemus
871 3104 1022 3168 ostendere,
1035 3104 1200 3172 prophetiam

411 3201 511 3256 seilicet
528 3198 685 3261 Ezechielis,
699 3212 750 3266 qua
768 3197 864 3251 dieitur
883 3204 987 3264 patrum
1009 3195 1035 3249 in
1055 3195 1124 3249 lilios
1137 3211 1200 3264 pee-

412 3301 466 3344 rata
483 3306 534 3344 nou
554 3289 640 3354 reddi,
655 3288 723 3342 sieut
737 3287 851 3342 liliorum
870 3301 923 3339 ttou
942 3285 1090 3340 redduntur
1108 3287 1134 3340 iu
1156 3302 1201 3355 pa·

415 3391 475 3445 tros,
488 3381 519 3434 ad
532 3379 778 3450 praenuntiationem
790 3377 923 3446 pertinere
934 3375 1201 3430 revetationtsTesn-

413 3473 492 3526 menti
516 3472 588 3525 rrori.
604 3470 671 3524 llieit
691 3470 763 3524 enim
788 3469 839 3522 tale
860 3467 957 3536 aliquid
977 3459 1058 3521 etiam
1073 3466 1201 3536 propbeta

412 3561 548 3626 terentius,
565 3571 591 3616 et
606 3561 640 3615 ibi
655 3560 725 3614 uude
739 3560 788 3614 boe
803 3559 905 3613 dicatur
919 3559 1042 3613 illustrat.
1053 3559 1119 3612 Nam
1133 3561 1202 3615 inter

412 3666 504 3709 caetera
517 3673 523 3708 ι
536 3651 701 3714 Canentem,
724 3651 819 3721 iuquit,
842 3651 910 3720 uirpo
930 3648 1021 3715 lsrael,
1038 3662 1159 3705 reuertere
1174 3652 1202 3704 in

411 3746 520 3798 eisitotes
540 3754 595 3797 tuas
615 3744 702 3813 iugens
715 3758 724 3795 .·
738 3757 816 3810 usgue
829 3757 879 3810 quo
892 3741 1009 3794 annteris
1024 3742 1078 3810 filia
1092 3741 1200 3795 introna-

411 3837 485 3890 rata?
500 3835 625 3902 Quorriom
647 3834 739 3886 creant
753 3832 876 3887 Danrinas
897 3832 1004 3886 salutem
1022 3834 1048 3886 iu
1065 3833 1202 3903 plantatio·

412 3943 464 3980 nem
478 3943 579 3990 ararum,
589 3927 616 3979 in
630 3942 680 3994 qua
692 3925 773 3979 salute
786 3925 925 3979 circuibunt
939 3926 1061 3979 lrornines.
1077 3926 1122 3981 stc
1136 3927 1200 3980 dixit

413 4017 535 4071 dominae
545 4034 554 4070 .·
566 4017 656 4069 Adduo
671 4016 754 4069 dicent
768 4015 868 4068 nmirum
882 4016 929 4068 lroa
952 4017 977 4069 in
998 4025 1064 4070 terro
1081 4017 1162 4079 iudo,
1177 4027 1201 4070 et

412 4109 435 4161 in
449 4111 503 4179 ejrrs
518 4108 667 4173 ciuitatibus,
681 4123 738 4160 eunt
754 4106 873 4160 reuocabo
886 4106 1055 4175 captiuitatem
1070 4109 1134 4177 ejus,
1149 4107 1199 4161 lle-

412 4201 523 4253 uedietns
534 4198 657 4253 Dominus
671 4214 747 4268 super
757 4199 855 4268 justum
868 4206 974 4250 montem
988 4206 1101 4250 sanetum
1116 4214 1199 4252 suunt.

412 4289 442 4344 tt
455 4291 499 4358 qui
513 4290 653 4344 itrlrobitant
666 4290 693 4343 in
702 4288 796 4342 iudaea
809 4296 833 4342 et
848 4288 875 4340 in
894 4289 962 4342 ornni
980 4288 1079 4340 dailnte
1097 4289 1151 4357 ejus
1164 4289 1201 4341 si·

412 4381 461 4433 usui
475 4396 532 4432 curn
550 4378 673 4449 agricola,
693 4387 716 4432 et
740 4378 841 4431 tolletur
863 4377 889 4430 in
909 4392 1000 4447 prege;
1017 4377 1134 4446 quoidam
1149 4379 1201 4431 ine·

412 4470 487 4522 briari
509 4486 606 4522 anunm
629 4469 740 4521 animam
764 4468 901 4535 sitientem,
924 4477 945 4520 et
970 4482 1068 4519 onmem
1091 4468 1201 4520 aninum

411 4562 556 4614 esurientem
575 4559 674 4612 sotiani.
696 4557 806 4626 Propter
828 4558 876 4610 ltoe
899 4556 1038 4622 exsurrexi,
1056 4567 1080 4610 et
1102 4558 1162 4622 eidi,
1179 4569 1202 4610 et

411 4667 510 4704 somnus
525 4665 595 4703 naeus
607 4648 689 4702 duleis
702 4647 764 4700 arilei
778 4647 860 4716 [octus
873 4656 919 4700 est.
932 4644 1073 4717 Propterea
1085 4663 1139 4701 eece
1149 4648 1202 4701 dies

412 4742 521 4804 ueniunt,
533 4740 592 4792 dicit
607 4737 742 4801 Dorrdnus,
756 4747 779 4791 et
793 4737 920 4790 sentinabo
934 4735 1017 4791 lsrael
1030 4746 1053 4790 et
1066 4737 1147 4803 duda,
1161 4755 1202 4792 se·

413 4846 466 4883 nen
483 4831 592 4884 dominis
612 4841 636 4884 et
657 4846 742 4884 senten
762 4830 868 4899 peeoris.
882 4827 917 4880 tit
931 4829 977 4881 erit
992 4832 1055 4881 sient
1069 4830 1201 4898 vigilabam

411 4937 485 4991 super
505 4937 547 4975 eos
566 4921 691 4990 deponere
711 4928 734 4973 et
750 4920 868 4990 afflipere,
884 4918 920 4970 ita
937 4917 1044 4988 ripilabo
1064 4935 1140 4987 super
1161 4937 1203 4973 eas

410 5012 536 5080 edtpcore
553 5020 576 5066 et
593 5014 778 5081 corripiantore,
790 5010 849 5063 dicit
862 5008 996 5062 Dourinus.
1008 5008 1021 5063 ι
1025 5027 1041 5063 ιι
1053 5010 1139 5064 diebus
1151 5010 1202 5065 iilis

410 5103 571 5167 oredimus,
587 5101 677 5157 Patres
698 5102 912 5156 manducaverunt
934 5116 1008 5153 uuam
1030 5103 1159 5169 acerbant,
1181 5111 1203 5154 et

410 5196 494 5249 dentes
509 5195 621 5263 liliorum
638 5192 897 5262 obstupuerunt:sed
918 5194 1087 5264 unusquisque
1109 5195 1135 5248 in
1157 5211 1203 5248 suo

411 5297 512 5356 precato
527 5288 657 5353 morietur,
669 5287 712 5339 et¹
725 5285 833 5355 ejusqui
845 5284 1031 5337 ntanducaeen't
1045 5301 1118 5338 noant
1131 5301 1202 5338 neer-

412 5378 478 5442 laris,
490 5376 654 5445 obstupebunt
668 5376 754 5430 dentes
767 5375 856 5445 ipsius.
868 5373 968 5444 Nempe
983 5375 1151 5429 manifestum
1162 5385 1204 5431 est

412 5469 464 5524 boc
484 5469 519 5522 ad
540 5467 598 5523 dies
621 5469 754 5537 pertinere
769 5467 939 5538 plantationis
953 5482 1038 5533 nora,
1053 5467 1086 5522 de
1099 5483 1160 5537 qua,
1175 5478 1204 5522 ut

411 5558 462 5614 boe
483 5559 596 5623 diceret,
613 5559 790 5628 loquebatur:
805 5556 849 5612 ubi
862 5566 889 5613 et
902 5557 967 5613 illud
980 5572 1072 5612 semen
1088 5558 1203 5612 lmmiuis

410 5661 437 5705 et
459 5666 550 5706 semen
575 5651 679 5722 peeoris
702 5651 772 5721 quod
794 5667 823 5706 se
841 5651 910 5706 Deus
929 5651 1120 5707 sertrinaturum
1144 5666 1203 5706 esse

411 5745 542 5812 prontisit,
556 5744 727 5814 spiritualiter
740 5744 916 5808 intellectum,
929 5743 1032 5813 eosqui
1047 5751 1164 5812 praesuut
1177 5751 1204 5798 et

443 5879 452 5908 ι
466 5880 609 5941 tiguierlns:
622 5890 654 5928 ne
666 5892 709 5941 per
718 5877 770 5940 boe,
783 5883 818 5929 est
828 5884 895 5928 tuum
906 5877 1008 5944 dopma;
1018 5880 1107 5928 oudsso
1115 5876 1202 5938 ultera,

409 5938 707 6002 itae,quoderatintts5.

443 6002 454 6033 ²
467 6004 542 6052 rerba
554 6003 606 6052 baee
616 6004 639 6050 tn
652 6003 723 6051 editis
734 6003 830 6060 omissa,
843 6001 1036 6066 rtnrrsnrnsnnein
1053 6013 1095 6052 sao
1106 6008 1204 6064 perroto

410 6068 535 6125 minor,
548 6071 578 6127 et,
588 6066 746 6114 restituuntur
758 6077 790 6114 es
804 6071 855 6112 uss,

1076 623 1176 678 tibull
1196 620 1354 676 tntttttts

1976 631 2046 684 {³282

1254 748 1301 788 eos
1316 733 1361 802 qui
1375 742 1511 804 reguntur,
1525 734 1587 790 lacit
1598 751 1716 806 agnosct.
1727 738 1779 794 Sed
1795 741 1855 810 quid
1871 741 2046 799 inveteratum

1254 834 1312 878 erat
1337 826 1363 878 in
1388 826 1511 879 cordibus
1534 829 1642 897 populi,
1665 830 1793 899 seriptum
1819 847 1879 887 esse
1905 833 1930 888 iu
1956 847 2047 890 vetere

1254 917 1446 985 Testamenta,
1469 920 1583 974 lieddonr
1606 932 1708 976 neceam
1734 935 1834 994 patrum
1859 926 1886 979 ir.
1911 927 2048 995 pliostue

1254 1010 1392 1079 quisquam
1404 1009 1569 1079 Scriptorum
1581 1013 1626 1067 Dei
1641 1029 1788 1083 repugnare
1801 1016 1850 1070 sibi
1861 1018 2047 1083 arbitraretur,

1255 1111 1284 1154 ut
1304 1102 1423 1169 apertius
1444 1102 1607 1168 ostenderet,
1632 1106 1696 1159 illud
1719 1107 1811 1171 reteri,
1827 1107 1878 1163 boe
1893 1125 1960 1163 rtoro
1981 1127 2047 1166 eon·

1253 1209 1349 1263 gruere
1362 1195 1541 1257 Testantento,
1553 1198 1680 1251 contiuuo
1695 1199 1850 1268 subjunxit:
1864 1200 1929 1254 Eece
1941 1202 1993 1256 dies
2007 1220 2048 1256 ee·

1254 1285 1341 1350 rtitrnt,
1364 1285 1424 1338 dicit
1440 1285 1574 1351 Destrinus,
1590 1297 1612 1340 et
1627 1289 1804 1342 consummabo
1822 1290 1908 1343 tiontui
1925 1289 2007 1346 lsrael
2025 1304 2050 1346 et

1255 1376 1341 1428 dorrtui
1349 1375 1421 1429 duda
1436 1376 1619 1431 Testamentum
1635 1394 1736 1444 nouum,
1749 1397 1799 1433 non
1811 1382 1948 1435 seeurnlnrn
1961 1382 2049 1436 Testo-

1254 1478 1363 1522 ntentum
1375 1469 1442 1536 tpuad
1452 1469 1565 1538 disposui
1576 1470 1689 1539 patribus
1703 1487 1798 1532 eorum,
1810 1471 1945 1544 indicano
1957 1492 2047 1543 appre-

1254 1560 1330 1613 ltendt'
1346 1577 1448 1620 ntantnn
1458 1576 1554 1622 earatnt,
1563 1570 1590 1611 ut
1605 1561 1733 1615 educerent
1747 1578 1789 1613 eos
1799 1562 1830 1614 de
1844 1572 1909 1615 terra
1925 1563 2047 1634 AEppptr.

1254 1659 1307 1705 ete.
1322 1650 1426 1723 (terens.
1441 1667 1517 1715 assi,
1530 1650 1632 1716 ut-sa,
1647 1651 1695 1704 se'e.
1709 1650 1790 1717 LXX,
1802 1669 1859 1721 cap.
1872 1658 1996 1724 xristu).
2007 1656 2047 1707 Αιι

1255 1742 1317 1795 illud
1338 1743 1416 1811 igitur
1428 1742 1628 1797 Testatnentum
1648 1744 1785 1811 generatio
1806 1746 1934 1813 pertinet,
1949 1746 1981 1798 ad
1997 1749 2048 1798 lroe

1254 1842 1341 1887 autern
1355 1834 1522 1902 regeneratio
1537 1851 1543 1886 :
1559 1833 1628 1888 unde
1642 1834 1676 1887 ibi
1692 1844 1798 1902 peccata
1813 1846 1916 1904 potrum
1931 1836 2047 1890 reddun-

1255 1930 1298 1976 tur
1312 1923 1337 1975 in
1353 1923 1431 1985 stlins,
1447 1924 1489 1976 bic
1504 1939 1569 1977 reru
1588 1924 1767 1992 generationis
1787 1925 1893 1978 rineulo
1909 1943 1955 1995 per
1969 1942 2045 1996 rege-

1254 2017 1419 2070 nerationem
1434 2018 1441 2047 ¹
1456 2017 1554 2083 soluto,
1575 2034 1626 2070 nou
1646 2017 1753 2083 dieitur,
1768 2016 1858 2071 Patres
1878 2019 2047 2073 nrorrducnee-

1253 2118 1312 2162 runt
1326 2124 1398 2160 uuorn
1412 2107 1542 2173 acerbant,
1563 2118 1586 2161 et
1607 2108 1693 2162 dentes
1716 2109 1829 2177 filiorum
1850 2110 2048 2180 abstinuerunt:

1253 2200 1297 2255 sed
1310 2202 1364 2270 ejus
1382 2200 1425 2268 qrti
1445 2200 1632 2253 manducaveris
1647 2217 1720 2253 uram
1737 2200 1863 2266 acerbam,
1882 2200 2049 2271 obstupebunt

1255 2292 1433 2359 daemomonia
1458 2307 1512 2345 nou
1534 2292 1560 2345 iu
1584 2292 1677 2361 patrie,
1693 2291 1741 2346 sed
1766 2292 1792 2345 iu
1817 2309 1866 2345 suo
1889 2304 2009 2361 peceato,
2025 2296 2046 2347 si

1254 2382 1427 2445 commiserit,
1451 2383 1562 2450 quisque
1587 2385 1723 2436 ntorietur.
1740 2382 1779 2436 Tu
1793 2393 1881 2435 autent
1902 2400 1961 2437 rum
1985 2400 2046 2452 pro-

1256 2470 1343 2538 plrelia
1359 2471 1523 2533 ubidicitur,
1539 2470 1599 2524 Non
1615 2473 1720 2540 accipiet
1739 2473 1809 2538 filius
1826 2484 1954 2541 pecetrtunr
1968 2478 2050 2543 putris

1254 2563 1294 2613 sni
1308 2558 1413 2627 (Enete.
1424 2576 1498 2624 xrut,
1510 2561 1568 2629 ιιι),
1587 2577 1641 2614 mm
1663 2561 1801 2615 ostendisti
1824 2561 2047 2631 queruadrnodnru

1254 2649 1389 2719 Scriptura
1408 2651 1551 2706 erineordet
1569 2652 1612 2706 ubi
1631 2651 1738 2712 dieitur,
1753 2651 1868 2705 Reddam
1884 2664 1986 2717 perroto
2000 2672 2047 2723 pu·

1254 2748 1320 2793 trum
1333 2742 1359 2794 in
1374 2742 1441 2808 filios
1458 2741 1544 2812 (Dent.
1558 2758 1585 2808 v,
1597 2743 1635 2812 9).
1651 2743 1711 2797 llaee
1725 2744 1822 2813 quippe
1842 2744 1911 2797 inter
1932 2760 1961 2799 se
1981 2761 2047 2799 eorr-

1255 2834 1334 2886 traria
1357 2835 1541 2900 remanebunt,
1559 2836 1609 2889 uisi
1630 2835 1725 2889 borum
1748 2837 1860 2891 duorum
1885 2838 1998 2907 singula,
2014 2841 2049 2892 ad

1253 2921 1423 2977 Testamenta
1447 2924 1549 2993 singula
1575 2923 1736 2990 reserantur,
1758 2925 1829 2994 qnod
1850 2927 2050 2982 euidentissime·

1253 3012 1383 3068 ieremias
1398 3015 1524 3083 propbeta
1541 3018 1708 3070 monstrarit.

1288 3104 1420 3158 thlttttt.
1440 3105 1499 3160 ius.
1522 3106 1603 3176 lgitur
1616 3123 1675 3161 eum
1690 3109 1854 3164 venissemus
1868 3110 1935 3182 (Lib.
1947 3111 1973 3174 Ξ,
1988 3129 2046 3183 cap.

1253 3194 1289 3250 56
1302 3195 1354 3265 sq.)
1369 3195 1402 3249 ad
1418 3198 1531 3266 apostoli
1547 3198 1619 3251 lardi
1641 3202 1811 3266 seutentiam,
1829 3218 1907 3270 quam
1926 3202 2047 3272 Srriptn-

1253 3303 1344 3341 rarum
1358 3290 1512 3357 expertibus
1524 3289 1709 3344 Tradueianus
1723 3293 1861 3346 rerrdttaro
1873 3293 1967 3347 solitus
1977 3307 2045 3357 erat,

1254 3377 1281 3432 td
1295 3388 1344 3442 est,
1357 3378 1409 3431 Per
1421 3395 1499 3431 utrum
1514 3381 1640 3432 bortrinem
1654 3392 1784 3450 peccatum
1806 3384 1906 3436 intrarit
1927 3385 1953 3437 in
1972 3401 2046 3437 marr-

1254 3470 1314 3523 dum
1328 3470 1415 3541 (Rern.
1425 3485 1453 3534 r,
1465 3470 1522 3538 ιι),
1537 3470 1642 3524 ostendi
1663 3472 1783 3537 primitus
1794 3474 1803 3502 ¹
1813 3473 1896 3541 ipsius
1915 3477 2046 3529 sermonis

1255 3561 1417 3624 testimonio,
1442 3575 1457 3613 a
1484 3560 1534 3613 loei
1559 3559 1629 3614 illins
1654 3560 1741 3630 adytis
1763 3561 1942 3617 Tradneianos
1965 3564 2047 3617 luisse

1253 3651 1401 3715 submotos,
1420 3651 1526 3721 quando
1540 3650 1663 3705 Gentium
1677 3650 1801 3719 blagister
1815 3653 1916 3721 peceati
1929 3656 2044 3724 antiqui-

1255 3749 1336 3794 tatem
1359 3742 1508 3804 rerolreus,
1530 3740 1563 3794 ad
1589 3742 1768 3810 generationis
1792 3743 1950 3808 custodiant,
1971 3748 2045 3814 qrrssi

1253 3831 1426 3885 lentissimum
1441 3831 1595 3898 stipatorem
1608 3831 1711 3884 linitum
1725 3847 1864 3885 rntrrrerum
1878 3834 2045 3900 collocasset,

1253 3930 1283 3976 ut
1297 3921 1389 3975 dieeus
1409 3936 1555 3989 perunum
1578 3920 1712 3975 bonnuem
1727 3934 1865 3990 peceatum
1887 3924 2001 3979 intrasse
2021 3926 2045 3977 iu

1254 4013 1392 4077 mundum,
1407 4014 1593 4081 proscriberet
1614 4013 1678 4067 nibil
1698 4029 1727 4067 se
1744 4014 1777 4068 do
1795 4019 1967 4086 generatione
1985 4033 2037 4073 sen-

1253 4107 1330 4166 sisse,
1343 4119 1403 4172 qeins
1418 4104 1467 4156 uisi
1485 4118 1531 4171 per
1551 4103 1618 4157 duos
1637 4119 1691 4158 nau
1712 4114 1802 4173 posset
1822 4109 1947 4162 existere.
1961 4110 2047 4179 utque

1253 4193 1385 4261 assignari
1399 4191 1551 4244 distinctum
1565 4208 1625 4247 esse
1638 4194 1707 4247 iuter
1716 4196 1931 4250 eomrrrtrnonom
1944 4208 1970 4250 et
1986 4214 2046 4265 pree-

1253 4291 1342 4337 catum
1364 4292 1515 4350 pareutum,
1535 4296 1595 4334 eum
1620 4282 1754 4336 diceretur
1774 4285 1888 4337 intrasse
1908 4297 2046 4355 peretttnn

1254 4374 1360 4444 atridem
1376 4374 1401 4426 ia
1416 4372 1554 4438 muudum,
1567 4372 1614 4427 sed
1628 4389 1675 4442 per
1690 4390 1750 4428 euru
1764 4390 1905 4430 uunteruut
1924 4377 1967 4446 qni
1988 4378 2047 4431 leti-

1253 4467 1304 4520 bus
1320 4480 1370 4520 nou
1385 4474 1490 4533 poterat
1503 4464 1657 4518 eotrreuire.
1670 4466 1818 4533 letumque
1831 4474 1872 4519 est
1884 4467 2047 4522 sullieieuter

1255 4573 1302 4627 per
1316 4569 1399 4612 toturn
1412 4558 1542 4618 libellum.
1561 4557 1662 4626 peceati
1677 4557 1712 4610 ibi
1733 4573 1784 4611 nou
1805 4568 1925 4612 naturam
1945 4560 2046 4614 iudica·

1255 4660 1308 4705 tam
1324 4665 1394 4716 esse,
1409 4650 1455 4705 sed
1475 4649 1600 4713 loruram,
1612 4648 1683 4718 quud
1696 4664 1711 4702 a
1726 4650 1973 4718 prevaricatoribus
1988 4662 2048 4720 post

1254 4744 1362 4808 secutis,
1381 4742 1528 4796 irrtitatioae
1541 4749 1685 4802 eottsturet,
1701 4757 1752 4793 non
1766 4742 1938 4810 generatione
1957 4758 2047 4795 susee-

1256 4846 1339 4905 ptum.
1355 4834 1449 4889 Verum
1465 4834 1527 4902 quia
1549 4832 1676 4900 seriptum
1701 4831 1812 4899 legimus
1834 4833 1860 4884 iu
1883 4832 1998 4900 Epistola
2013 4833 2045 4886 od

1256 4927 1383 4982 ltebraeos
1397 4926 1550 4990 deluderis
1563 4922 1605 4976 En
1618 4923 1726 4976 artoarti
1740 4932 1809 4988 sarit,
1824 4933 1847 4975 et
1862 4924 1908 4976 irae
1923 4936 2046 4988 errrortua,

1255 5022 1281 5077 id
1296 5031 1348 5082 est,
1366 5021 1400 5074 de
1413 5017 1565 5083 Abraltarn3
1580 5017 1701 5086 superius
1716 5031 1822 5086 quoqne
1835 5016 1862 5069 iu
1875 5016 1968 5071 eadem
1984 5016 2047 5086 lipi-

1255 5117 1322 5171 stola
1337 5115 1432 5184 legitur
1444 5112 1477 5166 de
1492 5111 1610 5174 Clnisto,
1623 5109 1673 5174 Qui
1686 5111 1837 5178 sanctificat,
1848 5119 1872 5162 et
1883 5110 2044 5178 sanctifican-

1255 5217 1306 5272 tur,
1326 5221 1358 5258 ex
1375 5220 1426 5256 uno
1445 5220 1532 5257 onmes
1546 5202 1638 5274 (liobe.
1654 5218 1682 5267 u,
1699 5203 1741 5271 ιιι
1759 5220 1765 5254 :
1781 5217 1813 5254 ne
1829 5200 1922 5255 borum
1936 5202 2045 5270 aliquid,

1255 5298 1298 5352 rel
1306 5297 1445 5360 similium,
1457 5296 1480 5349 si
1494 5295 1605 5349 iuretriri
1620 5294 1725 5363 poterit,
1736 5293 1918 5347 Tradueianus
1928 5293 2046 5362 arripiat,

1255 5399 1334 5458 atque
1350 5397 1550 5457 argumentetur
1566 5386 1709 5456 orridquaru
1723 5384 1757 5440 de
1771 5388 1943 5454 responsione
1958 5398 2046 5442 nistra

1256 5482 1381 5552 ponderis
1394 5480 1475 5535 luisse
1489 5479 1650 5541 discussum,
1663 5493 1713 5546 qna
1727 5477 1917 5534 alstrmarimus
1931 5480 1990 5535 ideo
2005 5482 2046 5533 di-

1255 5583 1326 5629 etum
1346 5588 1406 5627 esse
1420 5588 1512 5635 unum,
1532 5585 1581 5641 per
1600 5585 1678 5635 auem
1697 5570 1832 5626 transierit
1853 5580 1999 5641 peecatum,
2014 5586 2047 5624 ne

1255 5659 1392 5737 generatio
1416 5664 1549 5718 sineretur
1573 5661 1703 5731 iutelligi;
1721 5678 1781 5716 eurn
1804 5664 1938 5717 itu-enturn
1962 5662 1996 5714 sit
2021 5668 2048 5714 tu

1255 5759 1306 5814 bae
1316 5756 1434 5828 Epistola
1449 5756 1556 5809 nomine
1571 5754 1650 5808 unius
1663 5756 1862 5823 generationem
1883 5754 2047 5807 indicamur.

1288 5936 1375 6006 tulltl,
1388 5947 1431 5996 per
1442 5931 1626 5998 generationem.
1646 5933 1731 5980 serius
1748 5930 1826 5979 codes
1842 5935 1909 5987 utar..
1924 5939 1966 5992 per
1978 5937 2047 5991 rege·

1256 6005 1436 6108 neiaiiiniffliex
1450 6064 1512 6106 tort.
1526 6055 1568 6105 ‚tlii
1581 6065 1633 6105 tiss.
1645 6067 1700 6104 eum
1712 6052 1797 6112 editis,
1805 6049 1887 6114 prirrd.
