4900 6892
443 687 513 744 tutti
951 688 1135 749 coactitio
1153 691 1186 748 ttt
1204 691 1293 751 onds
1312 693 1557 756 tureurecrbtt
2010 706 2077 761 filii

440 813 510 869 parre
522 801 561 872 B),
575 801 715 859 anatliema
729 802 858 859 Caelestia
870 803 1017 860 aclnliauu
1032 805 1213 875 pronuntiauit
1228 807 1372 877 :idemque
1390 809 1452 866 fecit
1466 811 1492 867 in
1511 826 1558 869 sua
1580 813 1612 868 ad
1627 812 1794 883 Fulgeuturm
1807 820 1834 868 et
1856 813 1921 868 :ulios
1936 828 1968 869 es
1986 816 2076 872 Africa

439 896 579 967 episcopos
593 897 699 952 exsules
713 898 824 967 epistola
838 896 932 954 Petrus
944 895 1082 958 diaconus.

476 991 551 1058 Quod
566 990 599 1046 ad
611 989 708 1045 loliani
719 989 818 1060 scripta
831 999 932 1060 spectat
944 1032 951 1056 ,
965 1005 1119 1062 quanquam
1129 1006 1190 1046 eum
1204 992 1277 1048 dicat
1294 991 1463 1062 Gennadius,
1477 996 1623 1067 primqunrn
1632 996 1784 1066 impietatem
1799 994 1897 1068 Pelagii
1911 997 1937 1051 in
1947 1014 1975 1052 re
1988 1001 2078 1067 aperl-

438 1093 484 1148 ret,
497 1085 594 1140 ciamus
607 1085 632 1137 in
643 1081 786 1137 ductoribus
799 1081 919 1138 Ecclesia
937 1084 1015 1153 [uisse
1027 1083 1124 1155 (lupa,
1137 1085 1255 1155 Append.
1278 1097 1350 1155 parte
1360 1086 1405 1158 2);
1420 1096 1537 1143 attaruou
1551 1088 1622 1158 qaod
1633 1088 1716 1157 perid
1732 1087 1859 1157 temporis
1870 1090 1896 1142 iu
1910 1089 1996 1144 lucent
2012 1091 2071 1144 edi·

437 1177 516 1241 derit,
531 1176 596 1231 nibil
607 1176 736 1230 luactcuas
749 1185 883 1245 repertum
899 1187 949 1232 cst.
961 1176 1014 1231 Sod
1025 1192 1057 1232 ex
1072 1173 1125 1247 quo
1139 1177 1208 1232 lrauc
1222 1178 1346 1235 baeresim
1363 1180 1448 1250 palam
1470 1181 1589 1251 profuturi
1602 1182 1701 1250 eoepit,
1714 1180 1960 1250 aliosscriptissuis
1972 1183 2001 1236 in
2016 1183 2075 1251 ejus

439 1268 547 1339 laqueos
569 1265 695 1323 iuducere
709 1282 846 1339 nunquam
862 1265 974 1323 destitit.
991 1267 1028 1322 Ea
1040 1268 1074 1322 de
1084 1282 1161 1324 causa
1173 1267 1284 1324 zosimo
1298 1285 1372 1340 papus
1384 1270 1452 1326 duas
1465 1271 1592 1341 epistolas
1613 1288 1683 1326 auno
1697 1270 1958 1342 rpradringeutesiruu
1970 1273 2077 1327 decimu

436 1369 530 1416 octauo
539 1359 645 1415 direxit.
665 1358 765 1414 Deinde
784 1374 844 1415 cuna
860 1358 1023 1428 Augustinus
1038 1357 1135 1413 librum
1155 1358 1189 1414 de
1210 1357 1315 1431 Nuptiis
1335 1367 1363 1415 et
1380 1359 1603 1429 Concupiscentia
1623 1361 1736 1431 prirunm
1748 1359 1782 1416 ad
1799 1361 1931 1416 Valerium
1945 1365 2075 1416 comitum

436 1451 597 1522 scripsisset,
610 1448 811 1505 idemfuiianus
832 1456 945 1518 quatuor
965 1447 1063 1511 libros,
1075 1448 1171 1518 quibus
1191 1448 1266 1505 illam
1286 1449 1393 1504 nuicunt
1415 1448 1598 1515 refutaret,ad
1618 1451 1792 1506 'lnrbautium
1806 1451 1960 1520 episcopum
1980 1453 2075 1507 edidit.

436 1541 529 1607 Porro,
545 1556 605 1596 curu
619 1550 743 1610 excerpta
754 1555 786 1595 err
806 1538 858 1594 fruc
869 1537 967 1594 loliani
980 1553 1060 1607 upere
1073 1536 1170 1611 tradita
1191 1546 1282 1594 esseut
1295 1538 1410 1606 l'aferio,
1425 1540 1469 1596 iric
1482 1540 1629 1611 Augustino
1649 1540 1805 1610 perferenda
1825 1540 1868 1596 illa
1883 1542 1996 1605 curavit,
2014 1545 2075 1610 qni·

435 1635 485 1689 irus
498 1643 606 1690 sauctus
621 1632 718 1687 Ductor
729 1631 818 1687 sertim
832 1630 970 1700 respondit
982 1629 1054 1685 editu
1076 1630 1160 1684 altero
1180 1628 1301 1700 ejusdem
1314 1630 1383 1685 tituli
1395 1672 1403 1696 ,
1417 1647 1471 1702 quo
1480 1632 1615 1701 superior,
1631 1631 1657 1686 id
1671 1640 1722 1696 est,
1739 1631 1772 1687 de
1783 1631 1885 1701 Nuptiis
1897 1644 1924 1687 et
1933 1632 2070 1702 Concupi-

435 1730 536 1784 scentia
545 1728 613 1783 libro
623 1726 759 1783 secundo:
775 1734 802 1781 et
814 1723 908 1780 eudem
923 1733 1041 1793 tempore
1055 1723 1206 1793 composuit
1218 1729 1332 1792 quatuor
1341 1736 1404 1778 suos
1420 1723 1506 1778 libros
1517 1723 1550 1779 ad
1564 1723 1743 1787 Brinnianum,
1759 1732 1788 1778 nt
1799 1723 1865 1779 duas
1875 1724 2009 1793 Epistulas
2023 1727 2074 1780 l‘e-

436 1817 600 1888 rugianorum
613 1803 623 1884 J,
636 1831 703 1890 quas
724 1814 795 1871 ideas
816 1814 890 1885 ipsc,
905 1821 934 1868 ut
951 1811 1074 1879 videtur,
1097 1811 1219 1868 Julianus
1236 1813 1368 1868 contiuuo
1392 1821 1453 1885 pust
1475 1814 1599 1869 emissam
1618 1816 1730 1886 primam
1747 1814 1781 1868 ad
1799 1829 1866 1885 opus
1880 1814 1915 1871 de
1932 1815 2036 1886 Nuptiis
2046 1827 2075 1872 et

433 1908 654 1978 Concupiscentia
667 1911 869 1980 responsionem
884 1910 1048 1981 scripserat,
1065 1907 1219 1964 retunderet
1234 1925 1241 1963 :
1258 1907 1419 1978 tandemque
1440 1917 1549 1978 accepta
1560 1908 1605 1962 illa
1619 1908 1702 1978 prima
1716 1906 1813 1962 foliani
1827 1907 2001 1978 responsione
2011 1924 2073 1980 quus

434 2002 509 2057 libris
516 1983 635 2073 ¹quatuor
644 2005 793 2072 constabat,
805 2020 865 2061 eam
878 2004 978 2074 ingenti
994 2018 1093 2074 opere,
1106 2001 1177 2072 qnod
1196 2002 1223 2056 in
1237 2015 1284 2056 sea
1299 2000 1381 2055 libros
1396 2001 1510 2072 partitus
1522 2002 1577 2066 est‘,
1593 2001 1696 2056 reeicit.
1712 2000 1813 2055 luteres
1828 2016 1892 2054 uero
1902 2017 1962 2056 curu
1976 2017 2072 2058 secun·

432 2091 561 2148 dusfiber
572 2093 605 2148 de
618 2093 722 2164 Nuptiis
736 2103 763 2151 et
780 2094 1000 2166 Concupiscentia
1020 2091 1155 2148 incidisset
1172 2091 1197 2145 iu
1218 2105 1312 2145 manus
1330 2089 1446 2157 foliani,
1461 2090 1506 2145 hic
1520 2091 1602 2170 libros
1616 2098 1678 2145 octo
1698 2090 1829 2145 adversas
1847 2106 1927 2145 nuum
1948 2092 2028 2146 istum
2044 2093 2071 2149 iu

432 2181 527 2250 aciem,
541 2192 571 2238 ut
580 2183 618 2238 sic
629 2183 760 2254 dicamas,
772 2185 875 2253 eduxit,
891 2200 957 2256 quos
971 2183 1134 2255 Augustinus
1154 2182 1248 2237 ultimo
1262 2195 1311 2238 suu
1322 2196 1415 2253 opere,
1429 2181 1464 2238 de
1478 2197 1532 2251 quo
1544 2197 1605 2237 mox
1619 2180 1716 2238 dicturi
1730 2194 1832 2248 sumus,
1847 2181 2006 2253 profligauit.
2022 2185 2070 2240 Vi·

431 2273 550 2343 quietius
566 2274 697 2346 l'ulgeutii
712 2292 743 2331 es
759 2277 985 2348 incditoquudant
997 2294 1078 2349 opere
1098 2276 1200 2348 profert
1214 2274 1282 2330 banc
1298 2276 1324 2329 in
1345 2291 1402 2331 rem
1416 2276 1499 2331 rerba
1512 2275 1556 2330 illa
1571 2293 1579 2330 r
1595 2273 1652 2330 Nee
1665 2276 1704 2330 iffi
1717 2275 1852 2346 sufficiebat
1867 2287 1980 2345 paterne
1995 2280 2069 2331 uobi-

431 2363 514 2429 fitati,
527 2361 694 2418 AEnrifiorrrm
710 2370 791 2435 [aseer
801 2365 957 2432 udrrrunisse,
973 2384 1034 2437 quos
1053 2365 1143 2420 ftoeresi
1164 2363 1286 2435 deperiere
1298 2366 1406 2434 turpiter
1424 2365 1568 2420 maculauit.
1583 2364 1715 2420 Seuiurern
1734 2368 1903 2437 Augustiuum
1915 2409 1922 2431 ,
1935 2377 1962 2421 nt
1974 2370 2070 2423 efurior

431 2455 518 2522 fieret,
529 2455 638 2527 juveniti
650 2457 735 2510 calore
746 2473 888 2528 oppressare,
904 2457 949 2512 sed
961 2474 1109 2530 represent,
1124 2467 1220 2512 tantum
1234 2443 1282 2512 stt't
1294 2455 1437 2510 conciliauit
1449 2473 1493 2528 per
1507 2457 1592 2512 orbern
1606 2466 1731 2511 terrarum
1746 2458 1875 2525 inuidiam,
1891 2470 2010 2529 quantam
2023 2462 2070 2514 sibi

430 2545 500 2617 apud
513 2562 599 2601 uermes
610 2554 730 2600 sidonas
744 2551 826 2620 [acme
835 2549 999 2614 cfaritatcmy
1012 2558 1036 2602 et
1050 2547 1117 2618 qnod
1130 2549 1157 2602 iu
1171 2548 1328 2603 decurionem
1348 2546 1463 2617 gloriola
1482 2550 1642 2618 arripuerat,
1657 2547 1827 2602 subsannante
1843 2549 1954 2606 Domino
1972 2566 2069 2606 aarum

429 2648 466 2693 est
479 2639 506 2692 iu
518 2639 681 2710 opprobrium
695 2637 706 2711 (
713 2639 867 2713 Vipnierirrs,
882 2640 992 2714 Prasat.
1008 2641 1035 2695 iu
1052 2640 1122 2712 (lpus
1136 2639 1335 2712 imperfectam).

466 2729 597 2787 Praeterea
609 2731 684 2788 libris
696 2730 772 2787 istius
788 2733 905 2790 baeretici
920 2741 1078 2789 annumerat
1092 2731 1162 2786 Beda
1175 2730 1404 2786 Comrneutarinm
1415 2730 1548 2801 quoddam
1562 2732 1588 2786 in
1598 2731 1718 2798 Cantica,
1729 2732 1772 2787 cui
1784 2741 1911 2787 tractatus
1922 2734 2069 2803 praemittc·

431 2815 519 2884 batur,
535 2817 598 2877 idco
609 2820 752 2891 inscriptus
765 2821 798 2878 de
810 2825 912 2891 Amore,
926 2822 986 2894 quia
1000 2821 1100 2877 amoris
1111 2820 1181 2876 sacri
1193 2834 1224 2875 ac
1237 2817 1343 2892 profani
1357 2820 1382 2873 iu
1396 2834 1429 2874 eo
1442 2820 1584 2874 discrimen
1599 2823 1705 2891 aperire
1714 2822 1904 2878 destinaverat.
1919 2821 1972 2877 Sed
1987 2837 2066 2889 eursu,

433 2909 496 2965 dnm
511 2910 576 2966 illud
587 2913 737 2983 argumenti
749 2921 863 2970 tractare
876 2913 983 2970 seualle
994 2913 1144 2973 simulabat.
1155 2910 1293 2976 firmandae
1304 2927 1359 2966 snm
1368 2910 1462 2966 berosi
1474 2911 1609 2966 laborasse
1623 2922 1758 2968 asser-erat
1771 2913 1843 2969 Beda
1857 2930 1864 2967 :
1879 2914 1923 2984 qni
1937 2923 1964 2968 et
1977 2916 2067 2969 uarius

428 3001 502 3056 lucos
517 3012 572 3058 totu
585 3018 620 3060 ut
635 3002 687 3061 boa
700 3012 824 3071 tractata,
841 3014 896 3060 tum
909 3020 943 3060 ex
957 3004 1062 3076 reliquo
1075 3001 1275 3059 Commentario
1286 3001 1368 3057 refert
1380 3010 1407 3055 et
1422 3000 1538 3068 refellit;
1549 3002 1681 3072 simulque
1694 3015 1796 3071 mouet,
1811 3004 1870 3059 bac
1888 3005 1994 3059 nonnisi
2006 3021 2066 3060 nra·

427 3108 480 3162 gua
492 3094 610 3150 adbibita
624 3096 748 3153 cautione
758 3096 870 3168 legenda
883 3111 960 3161 esse,
974 3105 1020 3151 aut
1033 3094 1122 3168 potius
1134 3092 1246 3148 omnino
1259 3107 1312 3149 uun
1327 3092 1450 3163 lcgeuda.
1464 3092 1582 3147 Meminit
1597 3105 1724 3163 praterea
1744 3095 1882 3164 cniusdam
1893 3095 2067 3152 Commenta·

428 3185 519 3250 tionis,
535 3201 587 3256 qua
600 3186 646 3242 ille
660 3186 693 3242 de
705 3185 779 3243 Dono
790 3188 939 3244 constantia
950 3187 1102 3258 disputabat
1117 3185 1215 3259 (infra,
1230 3185 1348 3257 Appeud.
1359 3195 1431 3257 parte
1441 3183 1482 3259 ι).
1493 3184 1559 3240 Nam
1569 3187 1709 3256 epistularu
1721 3188 1753 3243 ad
1767 3188 1973 3257 Demetriadem,
1987 3207 2067 3261 quam

427 3277 514 3332 eidem
529 3279 572 3333 ille
586 3278 730 3349 adjudicat,
745 3280 829 3350 ipsius
841 3295 901 3337 esse
914 3279 1011 3348 Pelagii
1027 3279 1053 3333 in
1067 3276 1191 3334 confessu
1202 3286 1255 3334 est.

461 3369 595 3426 lulianam
620 3387 726 3442 qnoque
745 3372 824 3428 tradit
842 3372 939 3429 Aurius
959 3370 1149 3444 biercator(1n
1171 3371 1272 3428 subnot.
1294 3386 1353 3440 cap.
1364 3370 1404 3444 6),
1421 3371 1539 3442 pluribus
1549 3371 1575 3427 id
1589 3373 1663 3428 libris
1673 3373 1845 3444 defendisse,
1859 3377 1930 3447 quod
1944 3378 2066 3447 l‘elagius

426 3462 631 3534 dogmatizabat,
644 3464 789 3531 bominem,
805 3466 828 3520 si
843 3465 931 3529 vellet,
944 3465 1119 3535 siucpeucato
1130 3476 1191 3520 esse
1204 3477 1295 3534 posse.
1316 3462 1374 3529 Qua
1386 3470 1473 3518 nuncu
1485 3462 1557 3518 dere
1570 3463 1690 3520 lulianus
1701 3465 1727 3519 in
1737 3467 1792 3521 suis
1804 3466 1889 3534 libris,
1901 3469 1946 3537 qui
1959 3468 2066 3538 quidem

425 3560 542 3622 exstent,
558 3555 645 3611 rarius
659 3556 786 3628 loquitar.
802 3557 835 3611 lit
850 3555 912 3612 binc
922 3564 1066 3628 auguratur
1075 3554 1194 3611 loannes
1212 3553 1359 3609 Camerino
1371 3554 1438 3610 alios
1452 3554 1526 3610 iffum
1548 3555 1658 3609 forsitan
1672 3556 1808 3611 edidisse:
1823 3573 1878 3627 quo
1891 3560 1972 3614 etiam
1986 3576 2066 3628 argu·

426 3657 518 3704 triento
527 3648 669 3706 adducitur
684 3660 713 3705 nt
726 3649 896 3707 definitiones
906 3650 976 3718 illas,
991 3663 1056 3720 quas
1070 3649 1095 3704 in
1112 3647 1222 3703 librcde
1235 3645 1404 3702 Perfectiune
1415 3649 1524 3716 tristitiae
1534 3647 1777 3703 bominiscoulutat
1790 3650 1963 3720 Augustinus,
1976 3653 2062 3707 eidem

425 3738 617 3797 adscribendas
630 3749 714 3810 putet.
728 3740 920 3797 Verumtamen
932 3741 1105 3812 pelagianum
1120 3738 1205 3794 hocce
1217 3734 1342 3808 placitum
1352 3751 1385 3792 eo
1399 3736 1458 3791 solo
1470 3737 1563 3792 nititur
1573 3737 1744 3792 luridamento
1755 3777 1764 3804 ,
1777 3739 1848 3808 quud
1867 3739 1912 3794 ilic
1925 3740 2065 3797 batericus

425 3840 548 3888 naturam
558 3832 704 3886 etiamnum
727 3847 803 3902 aeque
816 3832 930 3887 ualidam
940 3840 1020 3902 abque
1032 3845 1127 3887 sanam
1138 3843 1200 3885 esse
1212 3829 1238 3882 iu
1252 3826 1376 3882 omuibus
1385 3825 1549 3891 bominibus,
1559 3835 1640 3898 atque
1654 3827 1680 3880 in
1691 3827 1776 3883 Adam
1791 3828 1850 3894 luit,
1864 3830 2042 3887 contendebat
2056 3850 2064 3887 r

425 3927 453 3980 iu
467 3939 520 3996 quo
533 3922 723 3994 propugnanda
735 3934 878 3995 perpetuus
891 3934 932 3980 est
945 3924 1075 3981 tatianus.

463 4018 530 4073 llnic
539 4017 651 4087 iusuper
660 4016 806 4073 Carnarius
820 4015 865 4089 (in
878 4016 986 4073 flerent.
1002 4018 1101 4073 dissert.
1118 4017 1145 4084 b,
1161 4027 1184 4072 et
1198 4017 1224 4072 r'n
1237 4014 1349 4087 append.
1361 4015 1395 4069 ad
1404 4013 1505 4069 dissert.
1520 4015 1554 4078 6,
1571 4031 1629 4085 cup.
1642 4014 1670 4085 ι)
1685 4014 1778 4070 tribuit
1788 4015 1897 4071 latinam
1907 4058 1915 4083 ,
1927 4032 2005 4087 quum
2019 4017 2064 4073 Ja-

426 4109 510 4168 uubus
524 4111 683 4168 Sirmoudus
697 4123 729 4169 ex
740 4113 856 4186 antiquis
868 4112 1005 4169 codicibus
1015 4112 1096 4176 eruit,
1112 4111 1360 4181 interpretationem
1375 4108 1456 4165 libelli
1472 4106 1571 4170 ledeia
1587 4107 1833 4163 lirriiuol‘aiaestine
1844 4110 1986 4179 provincio
2001 4127 2065 4180 pru-

424 4205 536 4280 sbytero
547 4222 635 4278 graecc
647 4206 748 4278 scripti.
762 4208 849 4263 Alium
860 4208 950 4263 itidem
965 4207 1025 4263 frdei
1038 4205 1155 4261 libellum
1190 4201 1287 4276 (lupa,
1301 4200 1418 4272 Append.
1432 4208 1504 4271 par-te
1519 4199 1548 4270 2)
1565 4199 1647 4255 latine
1660 4200 1853 4268 compositam,
1869 4200 1942 4256 etad
1956 4213 2066 4270 aputu·

427 4298 504 4353 licam
520 4297 617 4354 &dem
632 4298 762 4355 directum
784 4299 892 4355 nominc
911 4300 1096 4370 episcoporum
1119 4297 1219 4368 aliquot
1239 4293 1478 4356 heterodoxorum,
1495 4292 1540 4361 qui
1555 4292 1655 4360 Pelagii
1680 4308 1712 4347 ac
1724 4293 1844 4349 thfestii
1865 4293 2064 4351 damnationem

425 4389 594 4447 subscribere
607 4392 784 4448 detrectantes
795 4402 939 4463 provocant
952 4390 985 4445 ad
1000 4390 1145 4460 plenariam
1159 4385 1311 4458 synodum,
1324 4384 1523 4440 eidemauctori
1537 4382 1654 4451 Jrrliauu,
1669 4385 1740 4439 haud
1760 4385 1862 4441 laribus
1879 4386 2009 4456 impulsus
2022 4407 2065 4442 ra·

426 4481 554 4545 tionibus,
568 4483 696 4553 assignat.
710 4483 775 4552 Ejus
790 4483 905 4553 deniqne
919 4483 1008 4537 stilum
1025 4496 1078 4535 nun
1092 4481 1180 4533 minus
1194 4476 1313 4532 referunt
1327 4475 1442 4529 bumifiue
1456 4473 1566 4529 Joouuis
1579 4472 1762 4546 Cbrysostomi
1776 4477 1897 4547 quadam
1911 4494 2022 4548 egrreco
2038 4482 2063 4536 iu

423 4571 534 4626 latiruum
545 4573 690 4641 interprete
700 4573 823 4627 Anniano
835 4573 977 4627 translatae.
997 4571 1143 4625 Enimvero
1164 4583 1216 4624 nou
1237 4567 1324 4622 solnm
1348 4580 1460 4635 pronum
1479 4562 1528 4618 fuit
1538 4567 1746 4621 amanuensibus
1770 4569 1796 4620 iu
1819 4570 1935 4624 auctoris
1955 4575 2064 4628 nornine

423 4661 487 4728 labi,
504 4672 533 4717 ιιι
545 4672 669 4733 corrupta
692 4678 740 4733 per
752 4678 798 4717 eos
819 4662 920 4734 syllaba
938 4661 1022 4730 prima
1044 4659 1161 4729 prodiret
1181 4673 1214 4713 ex
1237 4657 1342 4717 Juliauo
1365 4656 1501 4711 Annianus
1514 4672 1520 4706 τ
1535 4656 1583 4716 sed
1597 4657 1675 4712 etiam
1689 4657 1787 4713 iuliani
1800 4660 1934 4729 ingenium
1956 4663 1980 4715 in
1995 4678 2064 4733 prar-

426 4751 517 4808 utissis
528 4752 562 4809 ad
577 4755 684 4809 easdem
701 4754 823 4808 homilias
839 4753 959 4825 epistolis
972 4752 1172 4822 rruucupatoriis
1183 4790 1191 4814 ,
1202 4750 1349 4806 sententias
1369 4758 1397 4803 et
1414 4749 1535 4819 proprias
1551 4748 1634 4819 ipsius
1646 4749 1778 4805 dictiones
1792 4751 1880 4807 inesse
1891 4754 2063 4810 observamus

424 4843 522 4916 (infru,
536 4845 653 4916 Append.
670 4857 741 4918 parte
753 4846 780 4913 2,
793 4847 825 4902 de
842 4846 960 4900 darsiano
975 4843 1179 4916 pseudodiacono
1201 4841 1355 4911 Cefedeusr').
1370 4841 1411 4895 Ad
1433 4842 1500 4900 baec.
1513 4834 1583 4897 sicn'f
1598 4841 1777 4913 Hieronymus
1794 4844 1828 4898 de
1849 4846 2063 4913 pseudodiaeouu

424 4933 565 4991 ticicdensi
581 4937 704 4991 Anniauu
719 4937 833 5002 dicebat,
844 4934 1021 5005 copiosissime
1035 4936 1146 5004 pascitur
1158 4975 1165 4997 ,
1177 4943 1204 4986 nt
1226 4932 1317 4987 alienae
1336 4931 1500 5000 blaspfreruire
1518 4933 1593 4985 amba
1608 4933 1699 5004 [duola
1713 4933 1883 4989 submmistret
1894 4935 1989 5007 (ibid.)
2004 4958 2011 4994 ι
2024 4941 2063 4995 sie

426 5028 593 5099 Augustinus
603 5028 808 5099 insubsequeuti
822 5043 904 5099 opere
915 5029 1055 5099 aliquoties
1065 5016 1181 5097 objectat
1193 5026 1309 5094 folianu,
1323 5027 1395 5098 pasci
1411 5026 1497 5096 ipsum
1508 5042 1523 5080 a
1536 5027 1655 5096 deceptis
1666 5029 1780 5093 miseris,
1792 5040 1822 5085 ut
1836 5031 1912 5087 libris
1924 5049 1972 5104 pro
1983 5035 2062 5092 Pela-

421 5132 497 5183 gratia
510 5118 606 5174 btcrcsi
620 5119 769 5174 scribendis
779 5127 854 5175 vacet
868 5117 964 5191 (lupa,
981 5119 1072 5189 Operis
1081 5119 1183 5189 imperf.
1196 5117 1240 5170 fib.
1251 5116 1281 5183 Ξ,
1293 5133 1351 5190 cap.
1366 5118 1412 5183 5t,
1425 5128 1448 5172 et
1460 5118 1504 5172 fib.
1520 5119 1546 5184 5,
1562 5135 1637 5189 capp.
1656 5123 1682 5185 ι,
1696 5121 1753 5191 ιιι.

1027 5255 1070 5310 DE
1089 5255 1335 5324 subsequutus
1353 5255 1475 5313 ortua.

457 5396 515 5451 Juur
530 5409 592 5452 aruc
607 5399 757 5452 notavimus
770 5438 778 5465 ,
792 5395 897 5452 emissis
908 5409 923 5448 a
936 5393 1041 5450 lrrliano
1056 5409 1104 5464 pru
1125 5393 1299 5464 responsione
1317 5391 1350 5447 ad
1372 5393 1486 5463 primum
1506 5392 1603 5447 librum
1623 5393 1657 5448 do
1669 5392 1776 5463 Nuptiis
1793 5404 1821 5448 ct
1837 5393 2058 5465 Concupiscentia

419 5501 534 5561 qrrrrtrrur
545 5489 630 5556 libris,
646 5490 767 5561 quaedam
780 5505 813 5546 ur
825 5490 918 5544 borum
931 5487 1017 5559 primo
1030 5497 1156 5558 excerpta
1169 5494 1291 5542 sanctum
1302 5487 1443 5542 Ductorem
1455 5485 1574 5541 seeundo
1583 5502 1633 5542 suo
1644 5485 1677 5541 de
1688 5486 1792 5557 Nuptiis
1800 5499 1830 5542 et
1840 5489 2060 5559 Concupiscentia

421 5581 564 5648 refutasse,
579 5597 611 5636 ac
624 5591 716 5651 postea
735 5581 814 5637 simul
835 5588 948 5652 quatuor
964 5579 1072 5636 cosdem
1093 5578 1175 5634 libros
1195 5577 1341 5648 dissipasse
1361 5579 1473 5650 pleniori
1497 5592 1580 5648 opere
1598 5593 1644 5632 ses
1656 5578 1784 5635 librorum
1798 5593 1891 5638 rorrtra
1904 5582 2058 5640 enlizunuu·

419 5674 531 5747 Alypius
545 5673 691 5730 seeundum
702 5673 775 5731 iliam
790 5674 823 5729 de
833 5673 938 5744 Nuptiis
953 5684 980 5729 et
993 5673 1215 5743 Concupiscentia
1234 5670 1330 5727 librum
1343 5712 1351 5738 ,
1363 5672 1470 5728 circiter
1484 5685 1584 5726 aunum
1604 5670 1701 5726 Cbristi
1716 5673 2005 5746 quadringentesimum
2022 5680 2061 5732 ui·

420 5783 551 5835 gesrntnrn
566 5767 680 5837 primurn
690 5782 791 5831 ,secam
812 5765 838 5820 iu
854 5765 955 5821 ltalianr
975 5764 1070 5820 detulit
1083 5761 1163 5833 (ibid.
1176 5760 1220 5816 tit.
1232 5762 1259 5829 l,
1272 5777 1330 5831 cup.
1346 5762 1385 5831 l).
1402 5761 1478 5816 Hunc
1499 5760 1645 5815 secuudum
1670 5762 1765 5817 librum
1791 5765 1880 5819 statim
1895 5766 2003 5820 adortus
2016 5777 2059 5821 est

419 5854 633 5913 lulianusaftera
646 5857 832 5928 responsione,
847 5872 908 5911 cunt
920 5872 965 5910 scr
983 5855 1076 5918 libros,
1093 5853 1189 5923 qulbus
1204 5852 1289 5923 prima
1308 5867 1357 5908 sua
1372 5853 1512 5923 responsio
1526 5851 1653 5922 dissipata
1669 5853 1754 5910 fuerat
1768 5856 1803 5911 ab
1817 5858 1972 5926 Augustino,
1990 5874 2042 5912 rron

419 5947 483 6002 dum
498 5948 619 6015 uidisset,
634 5965 722 6020 acque
732 5950 875 6020 quidquam
890 5948 924 6004 de
939 5949 971 6004 iis
982 5946 1023 6001 uel
1038 5946 1172 6001 anditione
1187 5946 1355 6016 accepisset:
1371 5944 1586 6015 quandoquidem
1608 5956 1695 6001 utrum
1710 5964 1725 6002 a
1739 5958 1833 6006 sancta
1844 5951 1957 6005 Doetnrc
1973 5955 2058 6022 prima

418 6040 468 6094 ista
479 6041 617 6109 responsio
630 6044 698 6098 lecta
711 6051 792 6107 essct,
808 6040 894 6096 adbuc
907 6040 1044 6111 ignorabat
1069 6038 1148 6112 (ibid.
1165 6036 1210 6092 tit.
1223 6037 1252 6103 ι,
1265 6054 1322 6110 cup.
1337 6037 1393 6107 58).
1409 6037 1500 6107 Neque
1514 6054 1577 6093 uero
1592 6041 1688 6095 mirum
1707 6054 1767 6099 csse
1781 6040 1877 6109 debet,
1892 6043 1942 6100 fruc
1957 6047 1991 6100 ita
2006 6047 2055 6099 lra-

416 6128 495 6198 bcrc3
509 6147 623 6204 namque
635 6144 692 6191 crat
706 6133 825 6192 lulianus
839 6133 865 6190 iu
877 6131 969 6192 Cilicia
982 6173 989 6200 ,
1004 6147 1056 6203 quo
1072 6140 1191 6204 tompore
1205 6128 1318 6188 alteram
1334 6146 1409 6187 suznn
1431 6132 1632 6203 responsionum
1648 6133 1674 6189 iu
1687 6134 1862 6207 Atrgrrstinum
1879 6137 1987 6193 inolitus
2001 6149 2051 6195 cst.
