4900 6892
407 658 478 715 isto

1127 648 1228 706 Ltasu
1246 647 1391 707 SEXTUS.

1973 653 2043 711 1530

405 773 435 830 Si
460 772 553 828 vitium
577 772 747 843 congenitum
773 776 834 837 εει,
862 769 890 824 in
910 781 963 839 qno
983 765 1080 823 clamat
1100 763 1197 830 bomo,
1245 762 1330 832 ‘primi
1353 762 1470 819 bominis
1490 764 1706 835 prevaricatione
1729 766 1818 823 vitiata
1840 781 1949 822 manare
1968 783 2044 822 mou-

408 862 471 922 Scio
486 864 546 934 qcio
564 879 614 917 non
635 861 759 916 innabitat
778 861 806 916 in
825 877 874 928 me,
890 860 937 915 ior
950 868 987 914 est
1003 858 1030 912 in
1043 871 1120 912 sorore
1132 871 1197 921 meo,

406 955 501 1009 omnm
515 969 525 1007 .·
538 951 602 1006 relic
611 953 678 1006 enirn
693 951 793 1022 adjacet
811 950 893 1012 milti:
915 948 1036 1020 perficere
1056 954 1139 999 antem
1153 943 1199 997 io·

407 1061 480 1109 nnn,
491 1060 540 1097 non
553 1043 650 1096 moenio
665 1041 753 1112 (llom.
765 1055 812 1106 ru,
827 1038 888 1110 l8);
902 1046 931 1094 ει
941 1053 994 1093 non
1007 1045 1049 1091 est
1060 1050 1092 1090 er
1106 1044 1199 1089 natura

407 1135 517 1189 vitiata¹
534 1134 611 1202 prinri
625 1133 740 1187 bominis
754 1129 988 1200 maevaricatione3
1012 1127 1054 1182 dic
1067 1126 1137 1181 unde
1153 1125 1199 1179 sit.

407 1219 439 1276 st
448 1230 538 1275 autern
547 1235 599 1272 non
612 1226 672 1273 sunt
684 1217 844 1286 'congenita
852 1217 912 1270 ritie
924 1215 988 1278 ista;
999 1213 1120 1269 dicundo
1131 1211 1200 1265 sinti

409 1309 450 1367 Ex
463 1310 598 1380 peccandi,
614 1309 727 1379 inquies,
741 1306 949 1371 consuetudine,
969 1320 1048 1376 quam
1066 1303 1115 1359 sibi
1128 1303 1201 1372 quis·

409 1416 462 1471 que
475 1400 537 1455 lecit
551 1400 633 1455 libera
646 1399 791 1453 volrrntate.
809 1397 857 1453 Ubi
871 1396 942 1466 quod
957 1410 1011 1450 non
1030 1395 1080 1457 ris,
1094 1392 1200 1448 iuterim

409 1491 554 1556 eorrbteris,
570 1491 671 1546 scilieet
685 1490 835 1545 libertatem
846 1486 990 1541 voluntatis
1004 1500 1052 1539 suo
1065 1482 1137 1537 malo
1150 1496 1200 1536 usu

408 1583 497 1653 perire
508 1583 635 1651 potuisse,
649 1581 709 1651 quia
723 1578 883 1650 perficiendo
897 1578 995 1631 malum
1008 1576 1095 1630 minus
1105 1574 1200 1628 idonea

408 1670 478 1726 iacta
491 1669 572 1725 estad
584 1668 772 1739 pcrdciendum
787 1669 894 1723 bonum.
910 1666 962 1721 Sed
973 1663 1098 1734 numquid
1109 1663 1202 1715 volun·

410 1761 611 1831 tathuisquam
620 1761 749 1814 obtunsus
763 1758 911 1813 cstcorde‘l
929 1755 1054 1825 numquid
1067 1754 1202 1808 uoluntate

409 1851 754 1922 obliviosuscstquispiam?
767 1849 894 1919 numqnid
908 1848 1042 1902 uoluntate
1054 1853 1095 1900 est
1106 1843 1202 1912 aliquis

410 1946 515 2002 latuusi
530 1946 591 2001 llaec
605 1953 632 2000 et
651 1945 702 1998 alia
716 1943 779 1997 vitia
799 1943 881 2012 ipsius
894 1939 991 1994 mentis
1005 1946 1084 2007 atque
1106 1936 1199 2000 animi,

409 2053 471 2092 cum
485 2037 714 2106 quibusbomines
732 2033 805 2090 nasci
824 2032 934 2103 ambigit
952 2044 1043 2094 nerno,
1065 2028 1087 2084 si
1102 2041 1133 2082 er
1149 2026 1203 2080 ori-

409 2127 472 2198 giue
484 2127 573 2181 vitiata
586 2125 654 2181 dicis
667 2139 719 2179 non
733 2138 803 2188 csso,
816 2122 860 2178 dic
868 2121 939 2176 unde
951 2121 1014 2174 sint.
1026 2117 1118 2187 Neque
1130 2116 1202 2170 enirn

410 2216 529 2271 dicturus
541 2231 581 2277 cs,
601 2215 670 2285 quod
686 2215 748 2276 ista,
770 2213 792 2267 si
808 2227 887 2266 nemra
903 2217 1047 2280 peccasset,
1065 2206 1203 2276 paradisus

411 2305 512 2362 balmae
527 2306 664 2374 potuisset.
676 2304 825 2369 Postremo,
838 2301 910 2372 quod
922 2315 1018 2370 corpus
1032 2297 1203 2366 corruptibile

411 2405 536 2467 aggravat
547 2397 680 2458 animam,
700 2394 750 2449 snb
763 2408 814 2464 qua
830 2391 975 2448 miserabili
990 2390 1095 2445 sarcina
1109 2403 1204 2443 omncs

409 2489 454 2557 qui
469 2503 522 2542 non
538 2500 727 2556 usquequaque
736 2484 881 2554 desipiunt,
896 2483 1018 2537 homines
1029 2489 1149 2550 gemunt,
1160 2479 1205 2536 dic

410 2577 484 2631 unde
498 2577 542 2630 sit.
558 2576 616 2630 Non
627 2576 697 2630 enim
717 2575 755 2628 sic
773 2575 893 2629 dicturus
909 2587 939 2628 cs
961 2573 1060 2641 primos
1083 2570 1204 2626 bomines

409 2678 529 2734 creatos,
543 2675 573 2722 ut
585 2666 748 2736 corruptibili
759 2680 872 2735 corpore
887 2663 997 2732 alicujus
1009 2677 1101 2718 eorum
1115 2661 1201 2717 anima

409 2767 584 2828 gravaretur;
606 2768 650 2812 aut
664 2765 724 2827 post
742 2771 834 2811 eorum
852 2754 916 2809 illud
934 2753 1034 2825 grande
1054 2763 1201 2823 peccatum,

412 2850 470 2903 tine
487 2847 531 2900 tali
545 2863 658 2915 corpore
676 2847 771 2916 aliquis
791 2847 917 2900 nascitur.
932 2845 987 2900 Cur
999 2858 1063 2915 ergo
1076 2843 1203 2898 adversus

413 2953 462 2993 nos
476 2937 648 2993 llauicbmum
663 2937 814 3006 loquentem
830 2935 1033 3005 loquacissimus
1046 2934 1201 3001 introducis,

412 3041 473 3084 curn
485 3038 515 3083 tu
527 3027 647 3099 negamo
659 3026 730 3097 quod
742 3026 864 3090 dicimus,
874 3027 897 3082 ei
909 3025 1068 3095 respondere
1079 3042 1131 3080 non
1143 3040 1203 3095 pns-

412 3108 467 3172 tisl
480 3119 527 3172 Cui
545 3117 689 3188 respondet
702 3115 859 3188 Cyprianus,
876 3117 910 3170 ita
930 3116 1082 3171 discordare
1094 3130 1201 3170 carnem

413 3209 589 3280 spiritumque
603 3209 800 3272 demonstrans,
822 3214 851 3261 ut
873 3214 960 3260 tannen
984 3205 1120 3275 utriusque
1139 3205 1201 3259 sita

413 3299 559 3356 beonnam
572 3301 670 3353 oranda
683 3297 825 3353 concordia
841 3296 892 3367 (llo
907 3295 1026 3351 Oratione
1041 3293 1180 3366 dominico)
1193 3313 1200 3348 :

411 3392 454 3448 cui
469 3392 611 3462 respondet
621 3391 775 3462 Gregorius,
789 3392 902 3460 quicum
916 3389 975 3443 talia
986 3387 1109 3443 decarne
1120 3386 1201 3440 diris·

411 3495 465 3550 cet,
479 3484 567 3554 qualia
578 3492 669 3538 contra
681 3498 728 3537 nos
737 3482 907 3550 composuisti
917 3480 1005 3535 dicere
1017 3478 1199 3542 blaniclraeum,

412 3583 555 3644 utrumque
568 3583 654 3628 tamen
669 3573 703 3627 ad
717 3574 811 3639 Deum,
831 3572 889 3641 ipso
909 3571 963 3626 lieo
977 3570 1101 3640 propitio,
1123 3583 1200 3623 reno·

410 3666 525 3720 candum
536 3679 595 3719 esse
609 3671 729 3728 testatur,
742 3664 767 3718 id
780 3670 830 3727 εει,
846 3662 969 3733 spiritum
984 3669 1011 3716 et
1021 3674 1129 3716 carnem
1141 3676 1147 3711 :
1158 3657 1202 3713 cui

410 3757 557 3828 respondet
574 3755 740 3822 Ambrosius,
755 3755 801 3825 qui
819 3768 878 3808 cum
893 3752 1003 3808 dixisset
1015 3766 1122 3808 carnem
1144 3764 1201 3803 mo·

410 3847 553 3903 deratioris
567 3848 663 3902 animae
681 3846 792 3901 arbitrio
806 3842 1017 3915 corrjrrgandam,
1037 3841 1126 3910 Qualis
1139 3841 1198 3912 soit,

410 3938 507 4008 lnquit,
521 3953 578 3991 corn
588 3936 752 3990 inhabitando
765 3935 876 4005 porodiri
888 3943 981 3988 secreto
993 3933 1111 4001 coacepit,
1127 3940 1199 3986 onte-

408 4044 487 4101 qruun
501 4044 594 4082 veneno
616 4027 727 4097 pestiferi
747 4027 868 4097 serpentia
884 4025 976 4094 infecto
993 4024 1141 4093 sacrilegam
1160 4024 1200 4093 {o-

410 4134 476 4173 rnem
490 4122 564 4172 sciret
577 4117 645 4185 (tlt.
658 4118 673 4172 7
687 4119 714 4171 ln
726 4117 790 4171 Luc.
804 4116 862 4186 riri.
879 4115 924 4170 llis
939 4116 1009 4170 enim
1023 4114 1078 4169 suis
1090 4121 1199 4167 senten·

408 4211 456 4267 tiis
466 4211 589 4265 catholici
601 4211 733 4265 antistites
744 4211 809 4264 satis
820 4217 964 4278 aperteque
974 4205 1131 4267 docuerunt,
1142 4217 1200 4258 oar-

408 4300 451 4356 nis
479 4315 531 4355 non
555 4311 675 4357 naturam
704 4301 802 4355 malam
829 4311 904 4364 esse,
938 4295 985 4351 sed
1009 4295 1116 4360 vitium,
1146 4307 1199 4362 quo

408 4401 505 4446 sanato
517 4390 550 4444 ad
565 4391 615 4446 ιιεε
629 4391 714 4459 redit,
730 4400 759 4445 ut
773 4385 994 4459 quemadmodum
1015 4385 1137 4454 primitus
1159 4382 1199 4436 in·

407 4483 499 4539 stituta
512 4490 568 4546 est,
592 4483 671 4536 nullis
688 4484 744 4538 suis
762 4478 920 4551 corruptelis
933 4486 1058 4548 aggravet
1071 4476 1196 4539 animam,

410 4572 565 4642 nullamquc
577 4572 737 4626 halreatcum
747 4571 840 4641 spiritu
849 4567 980 4623 contraria
987 4563 1198 4634 concupiscendo

407 4662 569 4718 discordiam
584 4665 662 4732 :quia
679 4662 810 4716 discordia
825 4661 953 4730 deceptus
965 4667 1006 4713 εει
1026 4656 1196 4724 Manichacus,

408 4763 437 4808 ut
446 4754 561 4808 alienam
574 4753 670 4806 malam
684 4751 795 4820 lingeret
805 4750 973 4803 comanirtam
986 4747 1061 4802 nobis
1071 4760 1131 4803 esse
1141 4745 1199 4801 sub·

406 4845 543 4900 starniam.
567 4844 665 4898 llorum
687 4843 877 4897 catholicorum
898 4841 1046 4896 antistitum
1074 4841 1152 4894 ildem
1175 4840 1197 4893 si

407 4934 546 4988 nobiscum
558 4933 634 5001 sequi
650 4933 743 4996 velles,
759 4932 918 4986 lilaniclraeos
933 4941 1076 4994 evertcrcs,
1092 4946 1143 4984 non
1155 4930 1198 4999 ju-

407 5036 484 5076 rares
501 5040 507 5074 :
523 5039 594 5078 nunc
609 5038 671 5077 vero
684 5038 736 5078 non
752 5036 798 5077 cos
813 5021 960 5087 destruere,
975 5021 1021 5076 scd
1036 5021 1119 5092 magis
1137 5020 1197 5074 adi·

408 5110 489 5167 dicare
503 5113 607 5168 collaris
623 5130 630 5165 :
647 5111 767 5181 negando
782 5111 853 5166 enirn
869 5110 954 5176 mala,
974 5126 1032 5180 (quac
1046 5110 1079 5166 de
1095 5110 1197 5180 origine

407 5199 498 5257 uitiata
517 5203 639 5258 homines
665 5209 803 5256 nascentes
826 5200 943 5266 trabunt,
962 5215 1015 5253 non
1034 5199 1059 5253 id
1079 5200 1146 5270 agis,
1168 5209 1196 5253 ut

406 5296 479 5352 nulla
493 5309 551 5349 esse
566 5292 705 5348 credamus
720 5290 788 5345 mala
803 5288 1069 5359 naturalia‚qnoniam
1085 5288 1194 5343 nimium

405 5384 544 5442 nantlesu
555 5391 631 5444 sunt;
644 5379 690 5435 scd
705 5379 791 5449 potius
803 5379 868 5449 agis,
883 5388 910 5432 ut
922 5377 1048 5433 dealiena
1062 5377 1131 5432 mala
1146 5393 1194 5431 ua-

404 5484 464 5529 ture
476 5481 600 5542 putentur
609 5485 669 5526 esse
682 5470 741 5535 ista,
753 5483 832 5538 quam
848 5469 939 5523 nobis·
954 5482 1014 5523 csse
1024 5469 1193 5523 commixtam

404 5563 610 5621 Manichaeorum
624 5561 725 5616 insania
738 5559 884 5624 fabulatur;
906 5559 1002 5614 nonde
1017 5567 1106 5614 nostra
1124 5560 1192 5615 bona

403 5695 459 5760 quls
468 5694 603 5753 codicllnas3
615 5704 717 5754 quonum
726 5694 799 5743 etiam
810 5691 916 5741 subsidio
926 5690 974 5741 duo
984 5704 1072 5742 versus
1083 5695 1192 5755 proxime

403 5762 540 5848 sequentes
550 5757 717 5824 restituuntur.
762 5811 786 5823 ..

463 5823 495 5865 ιιι
507 5815 554 5864 lide
565 5822 618 5864 ltss.
630 5814 732 5871 addatur,
744 5818 834 5862 autom.

434 5878 445 5908 ¹
462 5883 487 5925 tn
499 5877 571 5925 cdltis
581 5876 627 5923 boc
642 5876 701 5924 item
720 5873 772 5924 loco
789 5872 1045 5932 desiderabatur,‘non
1056 5880 1118 5925 tunt,
1133 5882 1192 5939 sup-

402 5937 485 6000 pletur
497 5951 528 5986 ει
540 5937 714 5999 naauuscriptls.

432 5999 528 6052 'editi
547 5995 611 6047 nnita
632 5995 752 6065 notrnolio
773 6002 884 6058 prderrlnr
901 6008 951 6048 esce
970 5995 1024 6055 lslu,
1037 6009 1091 6062 qne
1112 5998 1188 6049 nobis.

401 6059 559 6111 &anunm
572 6071 604 6108 ex
616 6062 788 6122 manuscnpcb.

1251 864 1380 923 strentur,
1402 856 1473 927 quod
1493 855 1690 914 Catbolicorunt
1714 860 1816 915 sanitas
1837 860 1963 929 loquitur.
1989 860 2043 914 Sed

1252 944 1424 1011 Manichacus,
1450 946 1547 1016 inquis,
1566 949 1645 1002 etiarn
1664 947 1748 1017 ipsam
1764 949 1842 1018 primi
1858 949 1973 1004 bominis
1984 964 2043 1004 car-

1252 1050 1324 1102 nem,
1336 1036 1421 1106 qualis
1434 1046 1575 1104 antequam
1589 1048 1711 1106 peccaret
1725 1036 1783 1102 luit,
1797 1038 1836 1092 sic
1845 1037 2002 1094 detestatur.
2015 1048 2044 1093 ut

1253 1127 1349 1180 malam
1371 1128 1470 1180 nitatur
1483 1127 1634 1182 ostendere.
1658 1127 1694 1182 lta
1713 1127 1821 1197 quidem
1839 1143 1853 1181 a
1870 1139 1896 1183 te
1910 1129 2044 1184 inducitur

1253 1217 1372 1285 iuquiens,
1389 1227 1418 1272 ut
1434 1217 1536 1285 ingerat
1555 1216 1732 1286 respondendi
1751 1219 1944 1289 qualecumqne
1960 1235 2043 1287 trogo·

1253 1305 1333 1370 dum,
1357 1320 1409 1360 non
1432 1306 1518 1361 solum
1533 1306 1613 1372 milri,
1634 1323 1725 1362 vorum
1743 1310 1822 1362 etiam
1837 1309 1894 1364 libi.
1918 1309 1983 1363 Nam
1998 1308 2046 1363 ubi

1253 1396 1345 1453 dicita
1363 1396 1433 1451 malo
1451 1412 1509 1451 earn
1529 1397 1666 1451 conditore
1689 1397 1783 1452 lacum
1806 1400 1900 1464 csse¹;
1919 1399 1998 1453 simul
2018 1400 2046 1459 ci

1252 1487 1455 1557 respondemus,
1471 1495 1523 1540 tarn
1538 1488 1633 1543 bonam
1645 1497 1804 1553 creaturam,
1820 1504 1879 1558 que
1891 1498 1980 1559 posset
1989 1504 2043 1544 non

1254 1593 1378 1649 peccare,
1402 1579 1423 1634 si
1447 1579 1546 1643 nollet,
1569 1580 1690 1648 quamvis
1703 1597 1755 1633 non
1769 1590 1889 1649 aquetur
1901 1596 1950 1636 suo
1961 1581 2043 1636 Crea-

1254 1668 1316 1734 tori,
1331 1683 1384 1723 non
1400 1677 1487 1723 tannen
1503 1668 1619 1737 potuisse
1632 1668 1683 1722 uisi
1699 1671 1796 1725 bonum
1818 1669 1917 1726 habero
1935 1670 2044 1726 Creato-

1253 1775 1320 1816 rem.
1333 1760 1383 1815 Ubi
1396 1776 1458 1815 nero
1469 1760 1502 1814 dc
1515 1760 1611 1814 timore
1623 1761 1730 1826 mortis,
1743 1776 1838 1830 quam,
1857 1762 1879 1816 si
1896 1772 2042 1831 peccasset,

1253 1851 1278 1906 ei
1292 1850 1362 1904 licus
1376 1859 1417 1905 est
1430 1850 1615 1916 comminatus,
1626 1851 1705 1905 etiam
1722 1852 1874 1920 priusquam
1891 1863 2042 1920 peccasset,

1254 1941 1381 1996 miserum
1403 1940 1480 2006 dicit;
1503 1941 1581 1995 simul
1604 1941 1806 2010 respondemus,
1831 1941 1901 2010 qnod
1917 1941 2041 2006 bortrinis,

1254 2031 1298 2101 qul
1312 2047 1444 2102 nunquam
1457 2045 1567 2100 peccare
1581 2031 1725 2101 potuisset,
1739 2033 1760 2087 si
1784 2048 1916 2102 nunquam
1933 2048 2044 2102 peccaro

1256 2121 1392 2187 noluisset,
1404 2137 1489 2191 poerrae
1502 2121 1571 2176 illius
1581 2121 1739 2189 devitandae,
1751 2137 1810 2192 quae
1824 2122 1908 2177 luerat
1920 2133 2043 2179 secutura

1255 2221 1403 2282 peccatum,
1419 2212 1558 2282 tranquilla
1574 2212 1742 2280 enarrando:
1755 2230 1807 2269 non
1825 2216 1973 2271 turbulenta
1987 2217 2042 2272 lor-

1256 2304 1337 2359 mido.
1357 2305 1414 2359 Hoc
1426 2303 1531 2375 quidem
1551 2304 1712 2374 respondere
1721 2306 1859 2360 communi
1878 2306 2041 2373 aduersario,

1255 2396 1324 2450 sicut
1337 2395 1434 2450 dictum
1447 2404 1497 2461 est,
1512 2395 1688 2450 communiter
1700 2410 1840 2465 possumus
1855 2415 1862 2451 z
1878 2397 1923 2451 sed
1934 2412 1983 2467 cgo
1993 2397 2042 2454 ad·

1255 2499 1349 2540 versus
1362 2483 1533 2539 Manicheum
1546 2483 1637 2538 laudes
1647 2499 1730 2554 augeo
1741 2485 1877 2539 rationalis
1889 2487 1958 2541 illius
1968 2504 2043 2544 crea·

1256 2584 1332 2643 turae,
1347 2592 1406 2647 qnae
1420 2590 1471 2630 nou
1485 2575 1570 2630 solum
1586 2590 1638 2630 non
1653 2577 1818 2631 crucialiatur
1830 2577 1884 2633 ullo
1899 2587 1981 2644 melu,
1997 2595 2043 2634 re·

1255 2682 1314 2722 rum
1329 2669 1406 2723 etiam
1421 2666 1510 2722 laetitia
1525 2681 1618 2737 magna
1633 2666 1782 2734 lruebatur;
1805 2668 1928 2737 quoniam
1943 2669 2041 2724 malum

1255 2759 1357 2823 mortis,
1380 2757 1598 2829 quodomnium,
1622 2758 1663 2810 rel
1683 2771 1751 2824 pene
1771 2759 1888 2812 omnium
1909 2757 2041 2828 refugiunt

1254 2850 1333 2907 corda
1346 2850 1471 2914 lidclium,
1486 2847 1598 2903 babebat
1609 2849 1634 2902 in
1645 2857 1773 2918 potestate
1784 2865 1835 2904 non
1849 2853 1961 2920 perpeti.
1977 2853 2042 2908 llnic

1255 2953 1353 2996 nostrae
1367 2941 1427 2995 iudei
1447 2941 1570 3010 quonlam
1586 2949 1674 2995 vester
1695 2956 1770 2996 error
1783 2941 1910 2997 aduersus
1923 2951 1975 3007 εει,
1989 2960 2042 3013 qno

1253 3031 1350 3101 putatis
1364 3028 1458 3094 ddum,
1472 3029 1527 3085 sire
1540 3040 1672 3099 peccaret,
1685 3030 1741 3086 sive
1751 3046 1802 3086 non
1816 3041 1947 3101 peccaret,
1961 3031 2042 3089 luisse

1253 3121 1426 3183 moriturum;
1442 3119 1504 3189 quid
1518 3120 1560 3174 bic
1570 3120 1716 3175 blaniclmco
1728 3120 1873 3191 respondes
1885 3120 1981 3176 dicenti
1992 3122 2042 3176 mi·

1254 3225 1339 3266 seram
1352 3209 1484 3266 conditam
1499 3225 1558 3265 essc
1573 3221 1708 3276 naturam,
1728 3227 1806 3282 quam
1828 3212 1869 3267 vel
1888 3221 2039 3281 peccantem

1253 3302 1294 3356 vel
1308 3314 1360 3354 non
1372 3310 1524 3369 peccantem
1535 3316 1608 3355 mors
1624 3301 1765 3356 imminens
1781 3303 1876 3357 timore
1892 3303 2042 3372 torquebat?

1253 3392 1281 3447 Si
1294 3391 1363 3447 entim
1375 3389 1475 3444 dixeris
1492 3391 1526 3445 ila
1542 3390 1622 3445 luisse
1639 3392 1788 3458 carriditam,
1810 3403 1838 3446 ut
1858 3409 1910 3447 non
1932 3395 2036 3448 timeret

1254 3488 1377 3546 mortem,
1397 3481 1455 3535 sine
1476 3480 1555 3536 dubio
1571 3481 1730 3551 quandoque
1748 3491 1900 3550 venturam;
1922 3481 2040 3552 prolecto

1254 3574 1330 3628 istam
1341 3587 1400 3642 que
1412 3572 1438 3626 in
1454 3573 1566 3642 posteris
1579 3573 1637 3641 ejus
1650 3582 1701 3635 est,
1717 3574 1840 3629 miscmor
1853 3573 1977 3630 fateberis
1991 3590 2040 3630 na-

1253 3665 1302 3728 sci,
1316 3663 1357 3717 cui
1373 3663 1464 3717 mortis
1479 3675 1578 3719 metum
1595 3664 1634 3720 sic
1653 3663 1773 3719 uidemus
1785 3679 1844 3720 εεεε
1858 3667 2037 3736 congenitum,

1253 3767 1283 3817 ut
1294 3757 1372 3813 ctiam
1390 3754 1417 3809 lrl
1432 3754 1477 3826 qui
1491 3770 1539 3825 spe
1552 3755 1621 3811 fideli
1635 3755 1729 3811 sarturas
1748 3755 1808 3811 rite
1829 3756 1923 3826 gaudia
1942 3763 2041 3812 concu-

1252 3850 1367 3922 piscunt,
1379 3847 1405 3902 in
1416 3845 1466 3902 bac
1479 3855 1567 3902 tamen
1582 3849 1634 3902 rita
1648 3863 1708 3903 cum
1722 3849 1814 3904 mortis
1827 3849 1922 3904 timore
1937 3850 2039 3905 luctcn·

1252 3953 1295 4000 tur
1309 3962 1315 3999 :
1331 3941 1421 3997 nolunt
1435 3940 1505 3995 enim
1520 3940 1638 4011 spoliari,
1652 3939 1698 3996 sed
1713 3940 1895 4011 supervestiri,
1913 3951 1941 3996 ut
1953 3957 2039 4012 qnan-

1252 4044 1307 4091 tum
1320 4032 1353 4088 ad
1368 4047 1458 4088 corum
1471 4031 1565 4086 attinet
1577 4031 1749 4095 voluntatem.
1765 4047 1819 4087 non
1834 4041 1919 4088 morte
1933 4033 2039 4088 liniatur

1253 4125 1308 4178 lraec
1318 4124 1381 4185 vita,
1394 4120 1442 4177 sed
1455 4121 1565 4175 mortale
1577 4122 1773 4176 absorbeatura
1787 4122 1838 4177 vita
1850 4122 1880 4193 (ll
1890 4122 1948 4178 Cor.
1959 4139 1985 4187 ε,
1997 4124 2036 4195 l).

1253 4216 1292 4270 Ex
1304 4229 1356 4284 quo
1371 4212 1409 4275 llt,
1425 4222 1453 4265 ut
1466 4213 1487 4266 si
1503 4215 1596 4265 mortis
1608 4221 1706 4266 metum
1727 4213 1753 4265 in
1774 4212 1896 4282 paradiso
1919 4214 2038 4282 posueris

1251 4315 1313 4362 arcte
1325 4312 1473 4376 peccatum,
1486 4303 1599 4358 vincaris
1618 4302 1814 4368 ablanirlraeis,
1835 4305 1878 4372 qui
1899 4313 1991 4373 putant
2010 4313 2038 4359 et

1250 4397 1336 4468 putari
1349 4395 1451 4461 volrrnt,
1466 4392 1535 4465 qnod
1549 4394 1575 4447 in
1593 4392 1678 4462 primo
1698 4407 1804 4462 quoquc
1818 4393 1924 4449 bomine
1942 4394 2036 4447 misera

1251 4488 1355 4544 condita
1367 4496 1408 4542 est
1419 4494 1509 4541 natrrra
1518 4484 1648 4548 bumana;
1663 4485 1684 4538 si
1696 4492 1783 4539 autcm
1797 4484 1917 4540 tirnorcm
1932 4485 2035 4551 mortis,

1250 4597 1305 4652 quo
1317 4580 1466 4635 mortalium
1487 4577 1591 4631 animus
1612 4591 1664 4630 non
1687 4578 1745 4630 siue
1757 4577 1861 4632 miseria
1875 4577 2036 4643 stimulatur,

1251 4681 1312 4727 ante
1325 4679 1459 4741 peccatum
1473 4684 1524 4722 non
1538 4668 1619 4722 luisse
1634 4667 1811 4737 responderis,
1828 4667 1940 4722 vincaris
1953 4683 1967 4720 a
1983 4683 2034 4720 no-

1251 4761 1306 4828 bis,
1325 4761 1449 4832 quoniam
1465 4774 1517 4814 raon
1531 4766 1677 4812 mutaretur
1692 4759 1716 4812 in
1733 4757 1808 4826 prins
1824 4758 1874 4812 nisi
1888 4758 1976 4812 uitiata
1990 4774 2037 4814 na·

1252 4864 1319 4909 tura.
1335 4854 1436 4908 Rursus
1446 4854 1472 4907 in
1482 4852 1593 4922 eoquod
1605 4852 1731 4905 aduersus
1742 4865 1790 4903 nos
1804 4849 1866 4904 lacis
1880 4849 1968 4904 dicere
1983 4848 2037 4903 ila·

1251 4945 1392 5011 nicbaeum,
1406 4944 1465 5014 qnia
1481 4942 1543 4996 illud
1561 4948 1722 4996 concremet
1740 4954 1917 4993 :crunrnosum
1937 4939 2034 4994 animal

1250 5038 1329 5092 etiam
1344 5036 1489 5104 inquietum
1502 5032 1631 5102 cupiditas
1646 5033 1733 5086 innata
1749 5030 1886 5095 reddebat,
1901 5047 1979 5101 quam
1995 5033 2035 5086 rei

1250 5125 1396 5182 interdictae
1409 5134 1436 5179 et
1447 5133 1573 5179 uenustas
1586 5123 1706 5179 irritabat
1718 5131 1744 5177 ει
1758 5122 1883 5188 suavitas,
1899 5139 1908 5172 r
1927 5122 1974 5185 tui,
1986 5120 2034 5176 lu·

1249 5215 1329 5279 lianc,
1343 5213 1482 5284 dogmatis,
1498 5221 1622 5282 tanquam
1643 5212 1669 5265 in
1689 5211 1797 5280 scopulo
1821 5209 1965 5264 ineuitabili
1987 5226 2032 5264 co·

1248 5319 1345 5376 gnosce
1360 5302 1532 5373 naufragium.
1554 5301 1608 5356 llos
1623 5301 1693 5357 enim
1712 5300 1825 5354 dicimus
1844 5301 1870 5354 in
1893 5300 1936 5354 illa
1950 5300 2033 5356 beati-

1248 5395 1339 5449 tudine
1363 5394 1461 5448 nullam
1489 5392 1570 5447 luisse
1593 5392 1780 5461 cupiditatem,
1811 5407 1872 5461 qnae
1898 5391 2036 5448 resistent

1247 5483 1384 5539 voluntati.
1397 5483 1482 5537 Porro
1495 5483 1516 5537 si
1527 5481 1667 5551 cupiebant
1678 5480 1714 5536 illi
1730 5481 1860 5550 hormines,
1872 5482 1942 5538 unde
1954 5484 2026 5538 absti-

1247 5589 1311 5629 nero
1331 5575 1419 5643 potius
1435 5573 1573 5632 volebant:
1595 5571 1780 5643 proculdubio
1793 5572 1919 5626 uoluntati
1939 5585 2032 5626 enrrnn

1246 5663 1375 5734 cupiditas
1387 5663 1535 5718 resistebat.
1548 5662 1603 5716 Ηεε
1611 5676 1674 5732 ergo
1683 5675 1737 5716 non
1747 5671 1838 5716 contra
1847 5677 1900 5728 me,
1911 5658 1957 5714 sed
1970 5673 2034 5712 cou-

1246 5764 1286 5809 tra
1308 5762 1350 5819 te,
1370 5753 1541 5807 blanicbaeum
1556 5752 1644 5807 diccrc
1665 5768 1713 5822 pcr
1731 5762 1773 5808 tua
1795 5752 1875 5819 rerba
1896 5748 1988 5804 iecisti.
2004 5748 2032 5803 st

1245 5843 1315 5901 enim
1329 5843 1394 5898 tales
1406 5852 1481 5898 erant
1495 5841 1543 5906 illi,
1558 5851 1586 5895 ut
1600 5841 1627 5895 in
1642 5843 1680 5897 eis
1694 5841 1824 5912 cupiditas
1837 5837 1972 5895 rcsistcret
1984 5854 2031 5892 ro·

1278 6061 1286 6092 ¹
1304 6067 1329 6108 tn
1342 6066 1405 6121 uss,
1418 6071 1471 6109 cion
1490 6060 1612 6114 cmdttm
1622 6063 1711 6122 maon
1721 6073 1781 6111 esre.
