4900 6892
402 729 471 786 tttt

402 841 574 904 contrariam,
589 845 724 907 peecatum
734 839 809 887 uocat
823 851 829 884 :
842 839 869 885 tu
882 844 939 885 eam
949 827 1093 892 laudando,
1105 826 1146 882 uel
1161 826 1187 880 iu

402 930 433 967 ea
449 909 614 974 delectando,
631 908 728 961 bonnm
743 904 841 958 asseris
856 901 986 955 naturale.

440 983 483 1036 t5.
497 980 586 1041 Stulti,
607 972 748 1046 aliqtrando
759 973 814 1043 jam
828 972 922 1040 sapite,
937 978 964 1025 et
980 970 1062 1023 nolite
1074 969 1107 1022 dc
1118 975 1191 1049 rapto

403 1053 472 1105 nudo
484 1049 601 1120 gloriari,
621 1060 707 1116 uentre
728 1041 870 1097 mendaces
880 1055 939 1095 esse
954 1040 1081 1095 adversus
1096 1048 1193 1092 serata·

404 1132 468 1186 teni,
482 1134 542 1188 qum
554 1132 603 1187 per
614 1131 644 1170 os
658 1120 810 1169 sanctorum
830 1125 938 1165 suorum
954 1108 1110 1163 laudabilem
1124 1108 1192 1162 dilc-

404 1198 648 1258 ctamqucrcstram
657 1181 897 1252 concupiscentiam
907 1179 1049 1241 malamet
1059 1178 1192 1231 libidinem

406 1260 481 1329 punit
504 1257 677 1312 immundam.
699 1255 736 1308 Ει
759 1253 799 1306 bis
816 1252 887 1306 enim
901 1248 1014 1304 diversae
1035 1249 1195 1302 tentationes

405 1331 536 1390 «ariaratus,
552 1318 647 1396 qitilnrs
661 1340 707 1394 per
719 1331 851 1377 momenta
867 1335 927 1373 eum
945 1320 1000 1373 Deo
1015 1318 1119 1387 placere
1131 1331 1194 1371 con-

406 1399 557 1457 tendimus.
577 1395 770 1464 pracpedimnr,
796 1401 825 1444 ut
844 1392 880 1443 ait
897 1389 1034 1457 apostolus
1058 1387 1193 1441 lacobus:

408 1468 556 1522 Nemorum
568 1475 685 1526 tentetur,
698 1464 763 1516 dicut
774 1461 891 1526 quonium
904 1474 920 1512 o
933 1458 984 1512 [leo
993 1466 1117 1512 tentutm:
1128 1456 1196 1510 Deus

407 1540 473 1592 enirn
485 1540 619 1590 irrteuttttor
633 1535 758 1588 mulorum
771 1539 819 1593 cst,
837 1531 891 1599 ipse
905 1537 988 1582 antem
999 1529 1123 1581 neritincm
1141 1537 1196 1580 teu-

407 1620 444 1662 tat
455 1625 464 1663 :
475 1607 644 1675 unuspairrpte
654 1621 711 1658 uero
729 1610 837 1656 tertiatur
849 1617 865 1651 o
877 1600 1076 1668 coucupiscentia
1086 1614 1133 1652 ruo
1145 1598 1198 1650 aba

408 1686 538 1732 tractaret
555 1676 663 1730 illectus.
680 1673 744 1727 Dein
758 1670 959 1740 concupiscentia
977 1683 1034 1720 curu
1047 1668 1197 1736 conceperit,

409 1749 475 1806 onrit
488 1755 617 1818 peccatum
632 1760 641 1798 .·
656 1751 784 1813 peccatum
795 1756 853 1794 uero
866 1755 922 1792 cum
936 1747 1136 1792 consummatum
1147 1740 1199 1808 stee-

408 1820 452 1882 rit,
465 1825 566 1885 perteret
577 1825 683 1868 mortem
696 1810 797 1881 (iacobi
807 1826 825 1874 t,
842 1809 947 1878 1515).
970 1807 1061 1861 l'idcte
1076 1806 1198 1860 dilectam

409 1875 526 1942 ucst'rant
546 1886 647 1939 serniue
662 1881 766 1936 laudum
782 1888 930 1933 vestrarum
945 1877 1138 1947 concipientem
1152 1876 1200 1930 do-

410 1958 495 2010 lorem
509 1957 529 2019 ¹,
539 1954 726 2023 parturientem
738 1956 885 2018 peccatum,
894 1957 1064 2018 generantem
1076 1956 1199 2000 mortem.

411 2026 493 2094 Citius
505 2024 567 2077 dnm
582 2031 717 2076 auctorem
731 2021 814 2074 Deum
832 2033 891 2072 csse
905 2017 1063 2086 predicaris,
1083 2017 1140 2070 sine
1150 2015 1200 2068 dn·

410 2097 455 2150 bio
469 2094 578 2175 arguitis
593 2101 694 2146 tantum
714 2089 880 2159 apostolum,
896 2098 923 2141 ct
937 2088 1018 2141 Deum
1037 2100 1098 2141 esso
1115 2086 1201 2140 malo-

412 2180 470 2218 rum
485 2164 572 2217 dicitis
586 2169 764 2215 tentatorem:
782 2159 843 2227 quia
862 2157 920 2226 ipsc
938 2158 1038 2212 crearit
1057 2156 1201 2210 secundum

413 2248 470 2298 ros,
487 2232 556 2286 oodc
568 2239 704 2290 tententur
717 2228 848 2291 homines,
858 2228 1046 2281 abstrabuntur
1054 2235 1081 2280 et
1092 2226 1204 2280 illician-

412 2313 471 2368 tur;
485 2316 517 2355 oc
532 2317 578 2370 per
593 2301 643 2355 boc
656 2300 713 2367 ipsc
728 2298 798 2352 unde
817 2307 927 2364 pereant
940 2295 1012 2350 iecit.
1029 2295 1103 2363 Qiiod
1126 2296 1147 2348 si
1168 2296 1203 2348 ita

413 2387 465 2426 non
478 2370 622 2432 sentiretis,
633 2370 715 2423 berun
724 2374 836 2420 mortem
845 2364 940 2419 iecisse
950 2366 1058 2418 minime
1067 2365 1201 2419 diceretis.

413 2441 466 2497 Sed
479 2440 569 2494 audite
580 2440 668 2493 adbuc
681 2436 901 2507 repercutientem
915 2435 987 2502 virga
1000 2435 1137 2502 sapientiae
1149 2449 1204 2489 cor·

414 2511 489 2565 lestis
501 2509 639 2576 rattiloqna
655 2516 707 2560 ora*
719 2516 806 2559 rostra
821 2505 943 2558 etundem
962 2503 1110 2570 apostolum
1124 2503 1204 2559 laco·

413 2581 486 2635 bum.
506 2577 579 2633 {iride
592 2577 686 2647 inquit,
701 2575 766 2629 bello
780 2585 803 2628 ct
824 2576 879 2628 lites
897 2575 923 2626 in
942 2573 1031 2626 trobis?
1046 2573 1137 2626 Nonne
1148 2575 1205 2628 ltirtc

414 2667 446 2704 er
458 2647 665 2718 roricupiaccntiis
679 2645 776 2710 uestris,
793 2659 850 2711 nnec
872 2644 981 2697 militant
996 2644 1022 2696 in
1035 2644 1151 2697 menandris
1162 2660 1204 2697 ee·

413 2718 534 2788 ttrirlld.
548 2733 584 2781 m,
602 2718 641 2786 ll?
659 2715 761 2769 dtulitis
777 2715 855 2783 qtrale
871 2712 986 2768 odicium
1002 2713 1080 2767 babet
1094 2713 1204 2768 nimium

414 2790 510 2844 dilecta
533 2796 620 2841 restra
639 2783 864 2852 eoncupiscentia,
884 2782 911 2836 id
929 2792 980 2848 est,
1004 2783 1073 2838 bella
1088 2792 1115 2837 ct
1135 2784 1204 2851 lites,

323 2920 326 2927 ,
414 2859 509 2927 quibus
522 2855 674 2911 discordare
687 2853 749 2907 lacit
769 2867 866 2921 corpus
879 2862 906 2907 et
927 2854 1048 2923 spiritum
1062 2862 1181 2907 nostrum
1197 2872 1204 2907 :

415 2936 442 2981 et
456 2931 482 2980 iu
494 2927 551 2993 nius
566 2924 660 2979 eastris
673 2923 822 2983 hostilibus,
838 2929 918 2991 atque
931 2922 981 2976 sub
998 2922 1057 2991 lcge
1070 2922 1206 2977 mortifera

416 3007 451 3059 te,
466 2995 600 3058 baeretice,
617 2993 729 3048 militare
741 2992 873 3046 delectat?
892 2992 919 3046 Si
935 3006 1026 3059 pacem
1040 2991 1100 3046 lidei
1112 2993 1204 3046 cattio-

414 3068 474 3122 licae
490 3064 650 3135 sequereris,
666 3079 681 3117 a
697 3061 802 3115 turbine
815 3060 945 3115 bellorum
962 3062 1055 3114 borum
1070 3062 1205 3127 cilitium,

415 3152 468 3206 quo
482 3136 507 3189 in
518 3134 606 3190 cordis
617 3135 653 3187 tui
667 3133 759 3202 pelago
769 3133 779 3163 ¹
789 3131 995 3200 circumquaque
1004 3130 1113 3198 jactaris
1129 3148 1161 3193 nc
1173 3132 1206 3186 ad

415 3214 520 3274 portum
536 3203 675 3274 pervenias
688 3201 816 3263 ueritatis,
831 3199 906 3254 lacile
919 3200 1010 3269 gratim
1029 3201 1207 3269 gubernaculo

415 3284 523 3345 poteras
536 3274 642 3327 liberari
653 3272 713 3336 ³,et
725 3284 887 3340 cognoscere
900 3270 999 3323 malum
1013 3270 1084 3339 qnod
1099 3272 1125 3324 in
1137 3271 1207 3327 malo

415 3345 518 3414 positos
532 3352 607 3412 putas
620 3357 681 3396 esse
694 3339 910 3410 pulcherrimum.

454 3414 498 3468 tta
509 3413 575 3469 dudi
587 3423 614 3468 et
625 3413 705 3466 alium
717 3426 798 3479 super
807 3410 869 3465 lesu
882 3416 974 3477 pectus
984 3409 1205 3475 discumbentem,

416 3492 443 3541 et
455 3492 661 3547 contestantem,
680 3481 920 3550 concupiscentiam
934 3493 986 3533 noa
1001 3494 1060 3534 esse
1081 3495 1112 3535 ex
1128 3481 1207 3537 Patre

416 3557 482 3621 lico,
495 3553 543 3609 sed
556 3569 589 3607 ex
602 3551 710 3614 mundo,
724 3560 752 3605 et
764 3565 822 3605 eam
834 3565 894 3605 cum
906 3549 1005 3603 mundo
1018 3550 1205 3607 transducam:

414 3623 543 3679 ioannem
558 3623 618 3676 dico
639 3621 798 3690 apostolum.
822 3619 919 3684 Nolite,
942 3620 989 3684 ait,
1011 3620 1115 3688 diligere
1137 3638 1208 3676 utun·

416 3695 487 3760 daur,
499 3709 577 3761 ireque
590 3708 619 3745 eu
631 3707 688 3760 guoe
702 3692 729 3743 iu
741 3689 834 3742 nturrdo
846 3698 914 3743 aunt.
929 3689 959 3743 Si
971 3689 1027 3757 puis
1037 3689 1119 3760 diligit
1134 3708 1208 3744 ntun-

416 3764 488 3826 dnan,
502 3771 596 3815 nonest
609 3761 719 3814 elauritur
735 3758 819 3812 Putris
829 3759 855 3811 iu
865 3775 894 3812 eo
905 3773 914 3810 :
927 3759 1044 3826 pilonium
1056 3775 1129 3814 otrrne
1140 3761 1208 3830 qaod

416 3841 451 3884 est
465 3833 491 3884 in
506 3831 608 3891 mundo,
625 3829 825 3897 roncttpimcntiu
838 3828 921 3880 curnis
933 3837 979 3893 est,
995 3836 1018 3881 et
1030 3831 1208 3897 coucupiscen-

418 3901 453 3952 tiu
466 3899 606 3960 ocellorum,
622 3908 644 3950 ct
658 3897 776 3965 superbio
798 3897 864 3961 citoe,
883 3911 939 3965 qtttc
957 3912 1005 3949 nou
1018 3906 1055 3950 ert
1069 3914 1099 3951 ea
1118 3896 1205 3966 Patre,

417 3969 462 4022 ted
473 3984 505 4023 ex
518 3967 611 4019 rraurtdo
623 3976 669 4020 cat.
689 3965 723 4019 Et
741 3966 849 4019 mundus
867 3965 957 4018 transit
969 3975 992 4018 et
1008 3968 1208 4037 coucttpiscentie

418 4039 474 4090 e'ur
487 4037 548 4103 :qui
558 4046 640 4088 cutem
655 4035 715 4104 fucit
726 4036 876 4089 ooltmtutcru
886 4033 943 4100 Dei,
959 4045 1040 4089 nannet
1050 4039 1076 4091 iu
1088 4050 1208 4094 (eternum

418 4057 442 4177 ll
453 4107 530 4160 loun.
546 4121 575 4171 u,
598 4103 703 4175 lai-ti).
718 4103 839 4159 Claudite
857 4105 952 4172 adbuc,
967 4106 988 4158 si
1008 4107 1101 4175 placet,
1117 4111 1208 4165 oculos

418 4177 507 4232 cordis
520 4175 553 4230 ad
567 4175 720 4237 uidendum,
736 4183 763 4229 et
775 4175 896 4229 obturate
908 4189 986 4228 aures
999 4175 1033 4230 ad
1047 4178 1208 4235 audiendum

417 4247 484 4301 tanti
499 4244 611 4314 apostoli
627 4244 763 4299 veritatem
779 4264 787 4298 ;
801 4253 828 4298 ot
841 4245 953 4300 clamate
968 4246 1098 4313 diceutes,
1115 4266 1148 4304 ue
1161 4252 1209 4306 sci

418 4317 480 4371 licet
497 4315 601 4372 uticem
625 4323 717 4371 restrae
741 4313 842 4370 [aciatis
861 4315 993 4383 injuriam,
1010 4334 1019 4367 ι
1040 4317 1079 4372 Ex
1101 4319 1156 4375 beo
1168 4329 1209 4376 est

451 4541 458 4567 ¹
477 4530 544 4592 tditi,
560 4535 641 4585 ridete
661 4531 772 4583 dilectam
784 4536 888 4583 oestrum
905 4531 977 4582 riman
993 4540 1017 4583 et
1033 4533 1157 4588 laudatum
1167 4552 1207 4589 ue-

419 4603 495 4646 strum
505 4594 675 4658 concipientem
685 4591 801 4645 dolerent.
813 4594 969 4655 corrigatutur
986 4608 1018 4642 ex
1031 4601 1216 4662 parlamentis.-

451 4659 462 4688 '
478 4663 542 4713 ttss..
554 4655 661 4720 peligno.
679 4662 739 4712 tm,
752 4651 857 4717 pelagos.

450 4719 511 4768 ⁸sie
523 4727 575 4767 tiss.
592 4725 620 4767 nt
641 4717 710 4775 editt,
725 4713 805 4778 praua
826 4712 972 4777 gttbernante
988 4717 1076 4778 poteris
1096 4718 1203 4774 libcrari.

970 711 1167 774 tteudotcts
1186 710 1275 766 PdllS
1294 712 1408 767 PRilib.

1969 716 2040 776 1648

1243 828 1454 896 eoncupiscentia
1467 828 1564 892 earnis,
1580 842 1632 881 uon
1653 843 1686 883 cx
1705 827 1813 894 mundo,
1837 837 1865 882 ct
1887 828 1948 884 ideo
1966 830 2040 884 calor

1244 899 1328 952 bouus
1341 908 1382 951 cst
1393 897 1522 967 genitalis.
1540 917 1549 947 ι

1279 968 1392 1023 capnt
1406 969 1450 1021 tx.
1465 997 1501 1006 -
1514 969 1557 1020 li.
1580 966 1632 1021 Sed
1657 966 1720 1036 qrtid
1738 967 1807 1023 ultra
1824 968 1850 1021 in
1873 966 2040 1037 proferendis

1246 1039 1420 1102 testimoniis,
1438 1038 1533 1107 quibus
1543 1037 1664 1091 defensio
1680 1046 1767 1092 vestra
1778 1038 1978 1107 proliaturessc
1995 1040 2041 1094 dn·

1246 1109 1380 1174 munbilis,
1395 1109 1464 1161 nitar
1478 1107 1645 1176 promulgare
1658 1108 1827 1161 sermonem?
1840 1109 1907 1176 Quia
1921 1110 1943 1163 sl
1952 1112 2039 1163 omnia

1246 1178 1280 1232 dc
1302 1178 1367 1247 legis
1390 1177 1488 1232 diuinae
1510 1177 1640 1231 tbesauris
1662 1178 1856 1246 producantur,
1879 1187 1986 1249 tempus
2000 1196 2040 1234 me

1247 1248 1337 1303 delicit
1350 1257 1529 1301 enarrantem.
1545 1248 1641 1300 natutae
1655 1261 1718 1315 ergo
1731 1248 1857 1312 breuiter,
1871 1263 1926 1301 nnn
1940 1250 2039 1312 brevia,

1248 1318 1294 1372 sed
1308 1319 1419 1371 crimine
1433 1317 1549 1387 iugentia
1559 1318 1655 1371 calmis
1667 1319 1747 1371 vestri
1757 1315 1935 1372 amantissimi
1948 1333 2038 1389 opert,

1248 1389 1344 1457 quibus
1366 1390 1391 1441 iu
1413 1389 1531 1441 illicitum
1550 1387 1623 1442 coire
1638 1387 1646 1417 ¹
1661 1388 1807 1456 praecipitat
1826 1388 1951 1442 hebetata
1961 1390 2040 1446 corda

1250 1459 1410 1523 mortalium,
1426 1466 1453 1512 et
1466 1458 1615 1512 erubescite
1630 1465 1657 1511 et
1671 1459 1842 1512 conticescite
1855 1459 1975 1515 tandem.
1989 1458 2042 1514 lsto

1249 1529 1339 1582 calore
1351 1542 1494 1582 succensus
1508 1536 1535 1582 ct
1550 1526 1662 1596 turpiter
1676 1527 1779 1581 illectus
1793 1543 1983 1594 nonnunquam
1996 1546 2040 1600 pa-

1252 1607 1291 1651 ter
1303 1597 1410 1653 inclinat
1425 1598 1517 1658 liliam,
1533 1606 1560 1651 et
1574 1606 1699 1666 operatur
1713 1598 1842 1652 incestum
1860 1617 1866 1652 :
1882 1599 1954 1652 lilius
1964 1602 2041 1655 etiarn

1251 1669 1334 1737 patris
1356 1670 1461 1721 tborum
1481 1668 1605 1731 inueniat,
1627 1681 1687 1720 eum
1709 1669 1784 1720 ntatri
1799 1668 1843 1723 rel
1858 1684 1982 1725 novercae
1994 1670 2041 1725 ali·

1251 1738 1358 1807 quaudo
1372 1739 1507 1792 miscetur.
1523 1736 1550 1790 in
1563 1752 1682 1791 sororem
1696 1735 1777 1791 irater
1790 1737 1938 1806 cupidine¹
1950 1739 2042 1795 ductus

1252 1808 1385 1861 incurrit:
1402 1817 1542 1876 cognatam
1566 1822 1619 1861 non
1640 1807 1772 1862 erubescit
1785 1810 1949 1876 opprimere.
1965 1808 2042 1881 Virgo

1253 1892 1305 1933 uon
1322 1878 1433 1931 sustinet
1448 1878 1579 1931 licentiam
1602 1877 1762 1944 nuptiarum,
1779 1878 1825 1931 sed
1841 1888 1964 1947 stuprum
1977 1888 2041 1934 ten·

1255 1962 1319 2013 pane
1340 1948 1504 2015 concupiscit
1527 1947 1629 2001 illicito.
1653 1947 1761 2000 blaritus
1782 1947 2041 2003 mininiecontentns

1255 2017 1327 2071 licito
1339 2019 1429 2072 uxoris
1448 2017 1580 2085 amplexu,
1609 2024 1700 2070 uteros
1724 2018 1888 2071 contaminat
1910 2019 2039 2076 alienos&

1254 2088 1382 2142 Similiter
1395 2096 1423 2140 et
1436 2102 1503 2140 uxor
1514 2088 1654 2141 immemor
1667 2087 1765 2156 proprii
1777 2087 1883 2153 cubilis,
1897 2088 2042 2143 adulterino

1255 2172 1346 2211 aurore
1359 2157 1449 2212 uxoris
1456 2166 1569 2225 occupat
1578 2157 1671 2211 alienae
1680 2156 1701 2207 ⁸.
1710 2156 1775 2210 Nam
1785 2166 1811 2212 ct
1820 2159 1943 2222 maseuli,
1954 2158 2042 2213 relicto

1257 2227 1368 2281 naturali
1393 2243 1441 2281 oso
1464 2228 1579 2292 leminae,
1603 2226 1781 2281 exardescunt
1798 2228 1825 2281 in
1839 2228 1981 2283 desideriis
1991 2233 2043 2282 suis

1256 2298 1282 2351 in
1305 2299 1428 2361 invicem,
1451 2297 1560 2351 masculi
1584 2296 1610 2349 in
1633 2297 1766 2350 masculos
1780 2296 1971 2366 turpitudinem
1983 2313 2042 2380 ope·

1256 2368 1438 2427 rantcslllom.
1454 2382 1473 2432 t,
1487 2366 1544 2435 att.
1562 2366 1661 2420 ilorret
1678 2366 1758 2420 etiam
1780 2367 1840 2435 plus
1859 2367 1892 2421 iis
1906 2383 1968 2436 quae
1980 2366 2044 2422 dirt-

1257 2452 1316 2491 tuns
1329 2437 1426 2499 dicere,
1451 2437 1522 2506 grand
1544 2437 1605 2490 dum
1622 2436 1701 2489 bomo
1722 2437 1863 2492 immernor
1875 2452 1934 2492 suae
1946 2447 2044 2492 nature

1257 2507 1551 2571 rationalis,irrationali
1561 2507 1826 2571 craterasetatienaea
1835 2522 1881 2561 sna
1895 2506 1945 2579 (a),
1955 2507 2044 2578 pecudi

1257 2578 1329 2631 coire
1342 2578 1518 2646 cornpellitur.
1529 2577 1596 2643 Quid
1610 2577 1643 2630 dc
1657 2578 1732 2629 ruirm
1743 2577 1941 2646 aliquantorum
1956 2593 2044 2633 serro-

1258 2663 1316 2700 rum
1331 2648 1377 2702 bei
1390 2656 1416 2701 et
1431 2661 1565 2702 sacrarunt
1581 2646 1710 2714 uirginum
1732 2646 1829 2711 dicam,
1843 2662 1905 2714 qum
1919 2646 1968 2702 bac
1980 2656 2045 2702 tem·

1259 2727 1359 2785 pestate
1377 2717 1511 2786 natdragia
1524 2716 1677 2785 patiuntur?
1693 2717 1794 2781 Quidve
1807 2716 1842 2770 de
1864 2716 1980 2772 diversis
1998 2719 2045 2772 iut-

1259 2787 1405 2851 utunditiis,
1421 2788 1448 2839 in
1462 2787 1558 2855 quibus
1568 2802 1659 2839 corum
1675 2795 1809 2840 auctorent
1823 2787 1910 2857 ipsum
1924 2789 1975 2841 sibi
1988 2796 2046 2856 puto

1260 2874 1308 2926 pro
1320 2857 1396 2912 robis
1409 2857 1541 2910 diabolum
1562 2855 1721 2925 displicere?
1734 2857 1801 2911 Ecce
1813 2857 1888 2911 calor
1900 2856 1946 2911 ille
1959 2872 2047 2913 amatt-

1260 2930 1376 2983 tissimus
1389 2936 1478 2980 tester
1493 2927 1518 2980 iu
1532 2942 1597 2995 utras
1611 2926 1813 2995 ignominiarum
1824 2926 1837 2958 ⁸
1847 2926 1945 2983 sordes
1957 2926 2047 2982 Ιιιιιιιει·

1259 3013 1308 3052 uas
1316 3000 1355 3052 ire
1367 2997 1440 3051 illicit
1452 3005 1478 3050 et
1486 2997 1631 3065 praecipitat
1640 2997 1758 3051 mentes?
1768 2997 1925 3066 Eeeeqtram
1934 2997 2047 3053 illuviem

1259 3069 1339 3123 etiam
1353 3067 1380 3120 in
1402 3067 1502 3121 sanetis
1522 3067 1622 3120 Christi
1640 3067 1768 3121 membris
1792 3065 1874 3121 luisse
1893 3067 2049 3123 dicereoon

1260 3137 1416 3193 tremuistis.
1426 3137 1574 3204 Eccecnjus
1585 3136 1756 3191 obscenitatis
1769 3145 1796 3190 et
1806 3137 1978 3204 turpitudinis
1987 3137 2049 3193 estis

1259 3208 1382 3263 acerrimi
1402 3206 1562 3270 laudatores,
1579 3206 1800 3275 impudentissimi
1819 3205 1997 3270 defensorem
2012 3215 2048 3272 et,

1260 3280 1282 3331 si
1295 3292 1347 3331 non
1362 3276 1448 3340 latior,
1464 3291 1525 3330 eum
1538 3276 1625 3330 adbuc
1639 3292 1691 3331 non
1703 3277 1835 3345 displicet,
1851 3276 1964 3330 lorsitan
1975 3285 2004 3331 et
2013 3275 2050 3330 ta-

1260 3356 1358 3402 ctores.
1373 3347 1438 3412 Quis
1450 3348 1520 3400 euim
1529 3347 1562 3400 de
1574 3347 1650 3400 uobis
1659 3347 1728 3401 benc
1740 3347 1847 3410 sentiat,
1856 3361 1926 3416 quos
1935 3345 1970 3401 dc
1979 3355 2050 3401 tanto

1260 3418 1331 3471 molo
1345 3417 1412 3470 bene
1431 3417 1530 3470 sentire
1545 3417 1695 3486 cognoscit?
1712 3416 1739 3471 Si
1756 3417 1834 3486 igitur
1848 3417 1874 3469 iu
1892 3416 1970 3470 vobis
1983 3416 2051 3472 ullos

1260 3487 1346 3556 pudor
1357 3497 1408 3552 cst,
1428 3487 1450 3540 si
1465 3486 1590 3541 honestas
1609 3488 1714 3556 aliqua,
1733 3487 1755 3540 si
1776 3486 1908 3541 eastitatis
1930 3487 2048 3550 intentio,

1261 3567 1359 3612 tantam
1383 3556 1444 3610 unali
1469 3558 1664 3615 necessitatem.
1687 3556 1784 3622 idest,
1809 3557 2049 3628 concupiscentiam

1260 3629 1347 3681 carnis
1360 3626 1606 3682 sordibnslibidinis
1619 3625 1740 3692 mixtam,
1753 3626 1852 3680 bonnm
1862 3627 1988 3682 dicereet
1998 3627 2047 3681 lato

1260 3698 1324 3752 dare
1331 3697 1444 3752 desinite
1453 3714 1459 3750 :
1469 3697 1544 3764 cttjns
1552 3705 1686 3750 auctorem
1697 3712 1748 3751 non
1758 3697 1852 3762 ileum,
1862 3697 1909 3751 sed
1918 3696 2049 3751 diabolum

1259 3782 1319 3822 esse
1330 3768 1440 3833 credite,
1453 3766 1618 3835 praecedente
1632 3767 1786 3836 protoplasti
1800 3775 1912 3835 peccato
1925 3783 1932 3820 :
1943 3776 1971 3821 et
1983 3765 2049 3836 qnod

1260 3852 1319 3892 eam
1332 3839 1455 3893 uoluntas
1466 3837 1578 3889 bumana
1586 3837 1611 3890 in
1623 3837 1783 3906 turpissimis
1791 3836 1910 3891 motibus
1920 3836 2050 3892 relicturo

1261 3922 1314 3961 uon
1327 3909 1413 3963 valeat
1426 3906 1574 3978 singularis,
1593 3907 1643 3960 uisi
1664 3909 1748 3974 gratia
1759 3922 1806 3974 per
1816 3906 1955 3962 Christum
1967 3906 2050 3962 Domi·

1261 3993 1324 4032 oum
1338 3986 1458 4032 nostrum
1472 3978 1626 4032 subuenerit
1639 3978 1763 4031 salutaris
1775 3977 1796 4028 ⁸,

1294 4115 1302 4145 ¹
1321 4112 1385 4176 tpttd
1394 4108 1714 4172 tor.,tattticttmncotnan.

1293 4178 1303 4207 ¹
1320 4181 1345 4223 tn
1356 4182 1419 4231 tiss,
1432 4172 1588 4236 turpitudine.

1294 4237 1304 4268 ⁸
1320 4244 1408 4284 omues
1417 4243 1479 4293 tiss,
1491 4232 1572 4283 vetitos
1582 4231 1727 4283 monadum
1738 4231 1836 4281 alienes

1293 4297 1305 4328 ⁸
1321 4297 1387 4356 Edid,
1401 4293 1494 4360 proprii
1507 4292 1589 4345 rnoriti
1609 4291 1709 4354 cubilis,
1719 4292 1857 4344 adulterino
1867 4303 1951 4343 cruore
1972 4290 2051 4342 amm

1262 4355 1467 4421 tltommtocruput
1486 4355 1580 4406 uticum
1603 4363 1631 4405 tt
1642 4356 1796 4417 uuuuscripti
1808 4368 1863 4414 nec,
1885 4353 1976 4414 meriti,
1998 4365 2050 4412 oct,

1262 4419 1474 4542 m‘dnd'ddddddlrdts
1483 4477 1589 4539 codices,
1600 4476 1791 4543 ipnmrriniornm.
2034 4534 2040 4544 ι

1295 4542 1306 4573 ⁸
1321 4543 1358 4590 sic
1375 4548 1427 4590 ttss.
1440 4541 1547 4596 crediti,
1560 4541 1741 4601 refrenarentur
1760 4538 1846 4597 ualeat,
1858 4537 1907 4588 nisi
1926 4535 2051 4593 munitm

1263 4602 1342 4674 gratia
1363 4615 1406 4665 per
1428 4601 1550 4653 cbristunt
1570 4600 1698 4651 bominum
1720 4605 1827 4651 noalrttm
1850 4597 1985 4649 mbterterit
2002 4595 2051 4648 sat·

1264 4672 1459 4787 ῑαὶῗῖεέιὶιιιιᾱῑ,
1470 4729 1567 4774 natine

923 4878 1159 4987 LIBER
1190 4883 1556 5010 QUINTUS.

969 5058 1089 5108 ttiucrsus
1099 5062 1209 5122 quintum
1220 5065 1306 5130 dogma
1317 5067 1506 5130 retagmnorum.

1129 5189 1364 5239 *fflflotlssfl-

455 5311 566 5371 ctettt
582 5311 721 5368 Putttt'tt.
737 5339 773 5351 -
786 5311 811 5364 l.
834 5308 898 5363 item
918 5308 1059 5376 lttnniuut,
1084 5309 1208 5364 Parvulos

421 5397 473 5438 non
494 5385 599 5437 trabere
617 5381 745 5453 originale
764 5387 913 5449 peceatum,
939 5393 1024 5447 neque
1048 5379 1207 5447 periturosa

420 5455 473 5506 rita
491 5461 599 5515 aeterua,
619 5453 641 5505 si
662 5454 719 5505 sinc
739 5458 905 5505 sacramento
926 5448 1094 5516 baptismatis
1114 5465 1145 5504 ex
1159 5450 1209 5506 bac

420 5523 473 5576 vita
495 5523 674 5590 migraverint.
692 5540 700 5572 ι
724 5520 926 5589 Respondemus
944 5537 951 5573 ε
974 5517 1083 5573 llnltunr
1101 5519 1207 5588 quidem

419 5593 472 5663 ianr
485 5591 520 5646 dc
532 5591 653 5660 originali
666 5600 782 5660 peceato,
799 5607 852 5659 quo
866 5600 893 5644 et
908 5589 1007 5655 parvuli
1023 5597 1148 5644 tenentur
1162 5591 1209 5645 ob-

418 5663 515 5729 stricti,
529 5661 651 5729 snperius
661 5660 851 5728 disputan-inuis
863 5678 869 5712 z
881 5675 912 5715 ac
921 5661 978 5713 luce
991 5660 1111 5713 veritatis
1120 5669 1209 5713 osten·

419 5734 517 5791 diulus.
533 5746 612 5785 omne
630 5730 772 5783 latinianum
793 5745 876 5798 genus
899 5730 949 5783 boc
967 5730 1032 5782 sitio
1048 5729 1207 5784 claudicare.

420 5803 467 5857 bet
479 5803 560 5858 etiam
575 5801 670 5855 Filium
680 5800 706 5852 in
717 5799 888 5854 similitudine
900 5800 988 5853 earnis
998 5799 1097 5868 peceati
1110 5798 1146 5852 ob
1157 5799 1208 5855 boc

419 5874 536 5937 venisse,
553 5881 581 5926 ut
598 5881 683 5925 naute
697 5883 744 5923 sua
761 5883 807 5932 per
828 5884 934 5923 crucem
948 5871 1065 5923 uinceret
1084 5879 1207 5935 mortem,

418 5950 448 5996 ct
460 5945 544 6011 gratia
555 5956 602 5997 sua
615 5941 740 6012 gratuita,
751 5939 859 5992 volitera
869 5949 958 5993 nostra
971 5946 1085 5993 curaret.
1101 5938 1208 5992 Verunt-

420 6019 508 6065 tamen
522 6011 585 6067 larisa
598 6010 703 6067 esseda
718 6010 841 6079 paruulis,
852 6008 985 6071 basretice,
997 6025 1055 6078 quar
1068 6007 1207 6077 predicans,

420 6094 474 6134 ocu
487 6081 570 6135 solnm
584 6092 687 6147 nostro,
703 6080 749 6134 scd
765 6088 894 6134 eteorum
912 6079 1042 6133 salvatore
1051 6078 1157 6134 llbristo
1166 6078 1209 6145 iu·

420 6160 515 6218 mute,
542 6149 737 6221 Scripturarum
761 6147 917 6205 auctoritate
942 6149 1109 6204 conuincam.
1137 6146 1208 6218 Qaiid

1263 5316 1479 5386 igiturapcrtins,
1493 5315 1563 5386 quod
1577 5313 1677 5384 paruuli
1700 5312 1764 5367 tatas
1784 5322 1894 5380 peccato
1914 5312 2051 5365 nascantur

1262 5388 1380 5449 olntoxii,
1390 5388 1441 5442 dici
1455 5388 1549 5457 potnit,
1562 5401 1641 5457 uttam
1654 5383 1724 5454 qrrod
1735 5383 1835 5436 dictum
1851 5389 1892 5436 est
1905 5397 1953 5449 per
1965 5379 2049 5439 ilarii,

1266 5456 1330 5511 Ecce
1339 5458 1406 5511 enim
1419 5458 1446 5511 in
1460 5457 1634 5527 iniquitatibus
1645 5461 1778 5521 conceptus
1791 5467 1858 5514 turn,
1874 5460 1897 5505 et
1915 5451 1942 5504 ira
1961 5451 2052 5504 delictis

1263 5530 1358 5597 peperit
1370 5545 1411 5582 me
1426 5537 1505 5581 mater
1519 5527 1594 5580 meu?
1609 5525 1655 5579 ille
1670 5525 1740 5579 enirn
1758 5537 1820 5576 eum
1834 5520 1995 5575 adulterium
2007 5521 2049 5574 de·

1262 5599 1348 5664 lieret,
1363 5609 1389 5653 et
1403 5598 1573 5652 bomicidium
1583 5596 1653 5665 quod
1668 5593 1807 5649 Bersabee
1819 5605 1900 5646 causo
1910 5590 2049 5653 commisit,

1263 5667 1331 5722 itanc
1345 5670 1482 5724 ueritatem
1498 5669 1525 5722 in
1538 5682 1594 5720 stne
1606 5665 1781 5720 consessionis
1798 5662 1899 5732 gemitu
1916 5660 2050 5721 cructavit.

1263 5746 1387 5809 tauquam
1403 5739 1513 5803 diecret,
1530 5738 1587 5791 Non
1601 5736 1671 5806 qrrod
1686 5750 1719 5788 ex
1732 5735 1783 5787 boc
1796 5733 1855 5787 solo
1866 5732 1986 5786 iocinore
1995 5745 2051 5799 per·

1264 5819 1366 5877 petrato
1381 5820 1505 5878 peccator
1525 5808 1586 5870 sim,
1603 5807 1647 5875 tpui
1669 5813 1811 5873 antequam
1827 5802 1853 5857 id
1872 5801 1987 5857 lacerem
2000 5802 2052 5854 sine

1262 5890 1370 5947 peceato
1385 5896 1437 5933 nnn
1449 5894 1521 5931 eram
1534 5880 1554 5943 ¹,
1569 5878 1623 5930 imo
1631 5877 1685 5944 jam
1700 5885 1823 5941 peccator
1832 5874 1866 5927 ab
1879 5883 1957 5927 utero
1966 5869 2053 5925 manu

1262 5964 1431 6003 urceorum:
1448 5945 1802 6015 Ecceenimirrinigttitutibna
1812 5946 2053 6017 concepturam}

1262 6018 1289 6072 ia
1304 6020 1400 6073 delictis
1421 6019 1516 6090 peperit
1529 6034 1568 6072 rnc
1581 6025 1661 6071 nruter
1680 6031 1745 6070 mett.
1766 6012 1864 6069 litium
1876 6026 1942 6084 crgo
1955 6015 2051 6083 pecctlt

1294 6155 1302 6186 ¹
1319 6159 1383 6216 rtss,
1395 6153 1446 6204 etue
1456 6157 1551 6215 perenis
1562 6162 1647 6215 erurn3
1658 6149 1755 6216 omisso,
1766 6159 1823 6199 aaa.
