4900 6892
405 642 472 698 titt

406 766 467 808 ncm
481 751 623 815 risccrum,
638 761 691 802 non
705 744 771 799 alios
796 758 900 810 sensus,
911 758 964 799 non
977 743 1056 799 aliam
1072 743 1195 815 uolupta-

407 856 471 900 tem.
488 843 684 899 Admonemus
698 838 778 904 igitur
789 834 961 901 llanicbceos,
975 844 1003 891 nt
1018 835 1140 890 desinant
1150 848 1194 890 re·

405 934 572 1005 prehendere
594 932 691 986 divinar
717 927 785 983 iacta
812 927 967 998 sapientie,
983 933 1013 980 ut
1034 926 1192 996 opinionum

402 1043 514 1099 quarum
542 1025 677 1093 corrigant
691 1020 848 1092 pravitatem
863 1019 941 1089 :quia
953 1033 1004 1074 uec
1016 1017 1050 1073 ad
1069 1017 1196 1089 quaestio-

407 1132 467 1171 nem
491 1115 585 1169 attinet
600 1115 628 1176 ¹,
652 1113 674 1167 si
693 1111 770 1167 aliter
792 1110 915 1165 homines
938 1125 1018 1180 quam
1036 1109 1196 1164 universitas

407 1209 542 1268 testisest,
557 1204 708 1275 generaturi
724 1203 804 1257 luisse
817 1201 956 1265 dicantur;
973 1215 1022 1255 nec
1039 1199 1134 1254 melius
1149 1213 1197 1254 eos

406 1299 463 1353 lieri
488 1299 607 1368 potuisse
619 1311 698 1366 quam
713 1294 775 1348 lacti
795 1301 876 1357 sunt,
891 1301 920 1346 ut
935 1292 1014 1359 ratio,
1030 1292 1107 1346 itaet
1125 1289 1197 1346 Scri-

407 1401 482 1461 ptura
499 1400 629 1456 testatur,
653 1404 713 1460 qum
726 1388 824 1442 clamat
840 1386 921 1441 Deum
937 1400 991 1440 nou
1006 1386 1092 1440 solum
1106 1385 1195 1450 bona,

407 1482 454 1537 sed
477 1483 556 1536 etiam
583 1480 659 1535 ralde
681 1481 749 1535 bona
768 1476 863 1533 iecisse
881 1476 970 1531 omnia
998 1475 1084 1548 (Gen.
1107 1492 1126 1540 r,
1141 1474 1195 1540 st;

410 1573 489 1628 Eceii.
505 1588 608 1638 xxxix,
623 1571 681 1641 ii).
696 1571 734 1625 Ac
756 1585 805 1640 per
821 1568 871 1624 boc
890 1575 920 1624 ut
943 1584 991 1638 per
1011 1577 1095 1621 totum
1110 1579 1195 1637 opus,

410 1665 453 1721 bic
467 1680 573 1736 qrroque
590 1664 797 1718 llanicbarorum
822 1659 918 1730 dogma
940 1659 1087 1729 collapsum
1102 1666 1153 1713 est.
1167 1655 1197 1712 ln

408 1755 497 1811 buturo
511 1762 600 1810 autom
622 1762 742 1823 tempore
764 1750 921 1822 gloriosiora
935 1763 1060 1819 corpora,
1075 1761 1124 1801 nec
1139 1746 1198 1816 opis

410 1849 532 1919 egentia,
550 1846 607 1902 iore
627 1847 765 1900 beatorum
791 1842 915 1896 latemur.
930 1839 984 1895 Sed
1001 1847 1028 1894 ct
1047 1839 1098 1894 boc
1111 1838 1197 1907 ipsum

408 1940 510 2008 optime
530 1937 681 1992 institutum
703 1943 771 1990 csta
788 1933 842 1987 lieo
853 1932 1002 2002 justissimo
1014 1945 1045 1985 ec
1058 1929 1198 1999 sapientis·

408 2030 486 2092 simo,
502 2038 531 2082 nt
546 2037 643 2082 statum
667 2026 767 2096 praemii
782 2023 934 2092 neritiquam
950 2030 1043 2076 natura
1059 2026 1196 2091 perverte-

409 2121 469 2173 ret²
483 2135 490 2181 ;
506 2117 552 2172 scd
577 2124 648 2172 essct
664 2114 766 2184 primns
783 2113 899 2184 gradus,
925 2112 950 2166 in
973 2128 1025 2181 qno
1039 2111 1198 2164 consisteret

408 2209 556 2279 ingenuitas
569 2205 708 2269 nannatis,
729 2213 756 2259 ct
773 2204 805 2257 tle
818 2218 872 2273 qno
884 2245 890 2265 ,
904 2217 953 2271 pru
970 2202 1030 2271 inte
1045 2200 1147 2255 arbitrii
1163 2200 1198 2254 lt-

408 2299 476 2361 beri,
492 2299 533 2352 vel
556 2298 587 2351 ad
602 2310 742 2366 prunarum
756 2295 807 2347 lma
823 2292 1016 2355 descenderet,
1033 2291 1075 2346 rel
1090 2291 1123 2346 ad
1139 2290 1197 2362 gio·

408 2391 504 2444 riarum
518 2402 644 2443 encrnncn
657 2401 704 2456 per
716 2399 763 2440 cas
775 2384 842 2449 nias,
854 2397 920 2453 quas
932 2382 1002 2438 Deus
1014 2383 1142 2450 instituit,
1157 2384 1199 2438 nl-

407 2493 515 2539 teretur.

441 2578 507 2631 deu.
524 2573 651 2637 Prorsus,
671 2571 791 2638 iuliane,
812 2585 865 2625 non
880 2562 977 2640 pu'lastl
990 2576 1017 2624 ct
1036 2584 1093 2623 urea
1107 2576 1136 2624 ct
1152 2576 1197 2626 tua

406 2668 528 2723 bomines
539 2681 598 2721 esse
609 2665 740 2728 lecturos;
755 2661 802 2717 scd
813 2661 852 2716 cis
863 2659 1047 2715 tantummodo
1057 2659 1194 2729 scripsisti,

406 2759 450 2828 qni
471 2757 537 2813 circis
559 2755 686 2826 ignoratis
699 2755 755 2808 sire
774 2751 918 2821 neglectis,
934 2765 984 2806 nec
1002 2749 1122 2819 utrisque
1136 2748 1198 2804 dili·

406 2858 501 2916 gentcr
515 2847 657 2917 inspectis,
673 2854 715 2900 tna
731 2845 787 2899 sola
815 2844 904 2914 legere
916 2858 947 2898 ac
962 2856 1041 2897 nosse
1053 2849 1196 2907 curarent;

407 2954 456 2992 nec
470 2937 569 2990 dixisse
583 2950 626 2989 mc
639 2935 793 2998 crederent,
810 2933 858 2986 nisi
873 2931 944 3001 quod
959 2947 973 2984 a
990 2939 1015 2987 te
1032 2945 1196 2986 commemo·

406 3038 508 3093 ratum,
526 3036 649 3096 tanquam
663 3027 696 3081 de
719 3025 803 3090 meis,
819 3025 846 3078 in
862 3025 913 3079 tuis
926 3024 1022 3079 litteris
1037 3025 1195 3081 invenirent.

407 3120 473 3173 ilinc
490 3116 561 3172 enim
576 3116 672 3170 iactum
696 3130 755 3170 esse
771 3114 864 3179 rideo,
880 3123 909 3168 ιιι
921 3115 981 3184 quia
996 3130 1045 3185 ego
1058 3113 1196 3181 dixeram,

410 3229 418 3260 ι
433 3210 487 3264 Cur
501 3209 571 3262 einim
586 3222 639 3261 non
652 3207 793 3260 credamus
805 3206 886 3260 licum
900 3206 1018 3274 potuisse
1032 3206 1057 3260 in
1072 3205 1197 3276 paradiso

405 3300 552 3405 coqceclcrc
564 3298 664 3354 bomini
680 3297 756 3351 beato
769 3295 803 3351 dc
815 3312 864 3351 sno
875 3297 987 3361 semine,
1003 3296 1074 3367 quod
1087 3312 1198 3352 conces·

406 3408 466 3449 sum
481 3392 603 3446 ridemus
616 3388 740 3460 agricolis
754 3387 788 3443 de
801 3388 881 3442 tritici
897 3387 1015 3454 semine,
1032 3397 1060 3442 ut
1072 3403 1105 3444 eo
1119 3387 1198 3444 modo

406 3483 468 3539 illml
489 3490 625 3537 sereretur
645 3481 703 3535 sine
726 3479 780 3534 ulla
803 3478 925 3549 pudenda
947 3479 1096 3534 libidinclr
1115 3489 1142 3533 tu
1157 3478 1199 3534 bis

408 3575 496 3632 rcrbis
510 3575 577 3630 nucis
592 3573 664 3628 reim
678 3571 860 3642 respondens,
880 3580 925 3624 tna
940 3572 1090 3642 vaniloquia
1106 3571 1199 3626 dilata·

407 3681 461 3732 res,
477 3681 510 3722 co
524 3681 607 3735 nsque
630 3678 786 3734 progressus
797 3672 825 3717 ct
837 3662 965 3729 diffusus,
986 3672 1012 3718 ut
1027 3679 1070 3718 mc
1083 3661 1199 3719 sensisse

405 3757 529 3827 jactares.
546 3756 592 3809 rsi
607 3769 660 3809 nun
674 3762 813 3822 peccasset
828 3753 928 3821 belam,
942 3754 981 3807 sic
1001 3756 1118 3823 potuisse
1138 3768 1198 3807 mu·

409 3849 499 3901 liercm
514 3845 547 3899 ad
570 3843 757 3898 iucunditatem
774 3843 879 3912 parari,
906 3842 975 3897 lorte
997 3850 1025 3897 ut
1045 3857 1092 3912 per
1106 3857 1199 3898 omues

407 3937 544 4000 articulos,
557 3950 588 3989 ac
598 3949 646 4003 per
657 3935 772 3988 minutas
782 3947 925 4002 corporum
939 3933 1052 3996 listulas,
1067 3949 1134 4004 quas
1144 3949 1200 3989 me-

408 4027 459 4081 dici
475 4040 555 4096 poros
567 4033 672 4086 uocant,
688 4024 768 4094 spicae
783 4032 955 4093 erumperent
970 4023 1102 4090 loliorum,
1121 4034 1201 4096 utque

409 4118 452 4170 illa
467 4114 589 4169 omuibus
606 4114 663 4168 laem
679 4114 817 4184 partibus,
832 4123 922 4183 partus
935 4128 984 4183 pro
1003 4113 1132 4184 pediculis
1153 4130 1201 4171 cx·

408 4209 527 4273 sudaret,
539 4225 549 4258 ι
561 4215 589 4262 ct
600 4216 696 4261 cetera
710 4220 769 4275 qum
783 4220 994 4260 commemorare
1004 4221 1046 4261 mc
1064 4206 1160 4273 taedet,
1174 4215 1201 4262 tc

408 4310 497 4355 autern
512 4313 563 4353 non
579 4297 672 4369 puduit
687 4311 825 4368 aggerare.
847 4296 985 4367 inquibus
1001 4299 1081 4352 etiam
1096 4297 1130 4352 dc
1145 4299 1201 4353 riro

408 4391 509 4456 dixisti,
522 4388 593 4461 quod
609 4404 618 4439 ι
633 4387 788 4443 admoneret
801 4388 926 4442 nimirum
940 4403 992 4443 non
1009 4387 1137 4453 membra,
1152 4386 1201 4444 sed

410 4484 580 4546 lcrrarnenta,
594 4489 621 4535 et
630 4479 783 4550 genitalium
796 4493 896 4534 uacuus
906 4478 1070 4548 imprimeret
1079 4493 1201 4535 tumeres

409 4583 436 4630 et
454 4573 566 4643 ligones.
582 4589 592 4622 ι
611 4571 673 4624 llaec
687 4579 760 4623 certe
781 4575 860 4637 atque
882 4568 1032 4636 irrrJ'nsmodi
1047 4570 1125 4641 (qum
1138 4584 1201 4625 cum

411 4665 447 4719 teri
457 4679 470 4731 ,¹
481 4677 533 4717 nun
548 4661 707 4732 quicumque
722 4658 855 4726 lectores,
870 4658 917 4712 sed
936 4658 1078 4715 dilectores
1093 4661 1200 4731 legunt,

411 4769 459 4824 pro
472 4763 516 4820 te,
531 4753 553 4806 si
568 4751 637 4806 ullus
656 4751 683 4804 in
704 4750 744 4804 eis
759 4749 890 4802 bumanus
907 4762 1003 4803 seusus
1023 4758 1081 4815 est,
1101 4751 1201 4806 erube·

413 4846 511 4915 scum),
527 4841 655 4913 numquid
670 4856 729 4896 mea
743 4840 823 4896 rerba
837 4840 939 4911 garrire
953 4849 979 4896 te
992 4841 1126 4909 sinerent,
1141 4857 1201 4914 quae

411 4949 464 4989 non
478 4934 513 4988 ob
527 4932 598 4987 alind
611 4932 760 5002 praeteriisti
775 4938 856 5002 atque
869 4931 993 4999 tacuisti,
1008 4932 1058 4987 nisi
1071 4941 1100 4987 ut
1114 4933 1160 4989 tibi
1175 4934 1202 4988 in

413 5026 471 5081 istis
485 5024 579 5079 latiora
594 5023 725 5079 delirandi
746 5024 830 5094 spatia
853 5023 1035 5094 praeparares?
1054 5025 1110 5096 Ego
1130 5026 1201 5081 enim

411 5117 484 5182 diri,
505 5115 557 5170 seri
581 5113 716 5169 bominem
738 5114 871 5184 putuisse,
891 5114 924 5169 ad
939 5115 1084 5170 voluntatis
1107 5126 1200 5172 nutum

412 5208 540 5265 membris
554 5205 763 5276 obsequentibus
777 5205 936 5275 genitalibus
950 5224 957 5259 :
979 5216 1006 5262 tu
1021 5217 1111 5268 autem
1125 5208 1201 5279 geni-

414 5301 474 5355 talia
490 5299 609 5356 membm
624 5297 746 5362 tacuisti,
767 5306 797 5352 ut
808 5297 861 5352 ires
875 5312 924 5368 per
937 5299 1056 5355 mulieris
1076 5298 1203 5355 articulos

414 5400 442 5448 et
454 5390 645 5445 minutissimas
658 5388 759 5444 fistulas
774 5387 842 5444 illios
856 5402 903 5458 per
917 5390 1037 5459 corporis
1050 5404 1130 5460 poros
1145 5399 1203 5444 tan·

414 5498 493 5554 quam
509 5482 644 5552 pediculos
658 5481 822 5547 exsudantis,
835 5490 863 5536 et
877 5496 924 5552 per
940 5483 1076 5537 oculorum
1092 5483 1203 5554 pupulas

414 5575 534 5630 cecitate
545 5581 724 5644 eortscquente
737 5573 875 5644 parientis.
889 5572 1016 5639 llcmbra,
1029 5573 1146 5644 inquam,
1157 5586 1204 5644 gc·

415 5667 507 5722 uitalia
520 5665 635 5729 tacuisti,
648 5665 723 5735 quasi
735 5680 784 5721 nos
798 5680 840 5729 ea,
852 5664 873 5720 sl
887 5665 971 5720 bearn
985 5680 1038 5720 non
1054 5674 1201 5736 peccasset.

414 5758 537 5814 delutura
551 5754 703 5812 bominibus
723 5755 890 5824 diceremus;
914 5765 943 5811 ut
961 5770 1055 5826 posses
1075 5756 1202 5825 ridicula,

448 5890 500 5938 ιιιι
518 5887 747 5953 editlsprorcrbo.
769 5884 867 5950 ebben-
888 5897 1016 5945 perperam
1031 5887 1203 5951 aristitutum,

415 5949 495 6000 altien

448 6014 458 6042 ¹
470 6019 547 6073 ente,
560 6017 718 6076 praeverteret.

738 632 859 693 ornnes
877 631 1082 691 rareunrecu
1100 631 1238 692 conano
1258 635 1442 710 tournebu,
1457 639 1488 698 s.
1504 634 1693 698 cucusum
1786 623 1795 642 ·

1975 639 2046 700 [ιιι

1259 771 1312 808 mm
1327 754 1491 821 urbanitate,
1499 754 1545 810 sed
1558 755 1712 826 nugacitate
1722 751 1822 818 dicere,
1837 752 1933 823 «quod
1945 754 1987 808 ric
1998 770 2045 827 ge·

1258 847 1381 902 nitalium
1394 862 1497 902 uacuus
1506 858 1629 901 remeres
1639 850 1666 900 ct
1677 846 1781 915 ligones
1805 843 1921 900 fetandae
1933 846 2044 915 eorrjngi

1257 939 1449 1007 imprimeres·
1462 930 1600 1007 Numquid
1612 938 1645 992 cle
1659 952 1772 993 numero
1785 939 1900 1007 quaestio
1911 946 1965 997 est,
1980 934 2034 1008 liger

1255 1045 1340 1099 raque
1350 1025 1550 1094 lnembrorum;
1563 1044 1623 1098 quae
1633 1029 1666 1082 ad
1679 1027 1864 1100 generandum
1877 1038 1970 1083 creata
1984 1042 2040 1098 poe

1255 1126 1315 1171 sent
1330 1117 1356 1177 ‘nr
1371 1117 1439 1172 locis
1450 1115 1507 1172 suis
1518 1117 1592 1172 salua
1606 1127 1631 1172 ct
1645 1116 1760 1188 integra,
1772 1133 1823 1173 uec
1838 1117 1960 1188 indigere
1973 1110 2042 1172 inci⁴

1252 1213 1375 1263 umento
1389 1209 1519 1277 libidinis,
1527 1221 1552 1265 et
1563 1204 1664 1266 servire
1684 1211 1797 1281 imperio
1806 1211 1966 1282 roluptatis?
1976 1210 2042 1278 one

1250 1286 1337 1342 ideoa
1352 1303 1395 1342 me
1408 1300 1614 1345 commemorata
1625 1305 1836 1352 commemorare
1846 1298 1967 1368 noluisti,
1980 1316 2040 1356 crem

1250 1377 1329 1431 rerba
1345 1393 1403 1433 mea
1420 1395 1545 1449 poneres,
1561 1398 1595 1438 ne
1609 1378 1742 1440 silentium
1759 1387 1805 1443 tibi
1827 1389 1998 1460 imponeres,
2014 1401 2040 1449 et

1249 1466 1282 1519 ad
1298 1468 1340 1521 illa
1353 1483 1413 1537 quae
1432 1469 1540 1525 debilis
1555 1488 1602 1541 per
1615 1481 1697 1528 totum
1713 1490 1809 1546 corpus
1822 1488 1948 1548 tanquam
1966 1474 2040 1552 perii·

1249 1555 1315 1609 culis
1335 1559 1551 1626 erumpentibus,
1572 1562 1653 1616 etde
1673 1564 1841 1622 ferramentis
1861 1569 2039 1639 agriccrlaruut

1249 1646 1281 1700 ad
1297 1648 1507 1719 turine-„egnamtas
1522 1652 1631 1708 luminas
1643 1655 1811 1722 adhibendis,
1827 1675 1887 1730 quae
1902 1658 1949 1717 tibi
1965 1657 2041 1719 iusti*

1250 1735 1356 1791 resina
1379 1740 1518 1797 dicacitate
1539 1758 1635 1799 sonare
1656 1745 1825 1816 ridebantur,
1848 1766 1909 1806 cum
1924 1754 2041 1810 rarritrtc

1250 1826 1414 1895 ineptissima
1429 1830 1589 1896 dicerentur,
1605 1848 1636 1889 os
1650 1838 1754 1902 aperire
1769 1855 1821 1893 nnn
1842 1855 1947 1910 posses.
1966 1839 2041 1900 liudo

1250 1931 1300 1970 nec
1312 1916 1373 1970 iliud
1388 1934 1487 1985 mcum,
1501 1922 1570 1991 quod
1584 1923 1609 1977 in
1625 1924 1718 1980 eodem
1731 1926 1800 1993 luco,
1817 1945 1896 1999 quern
1912 1927 1987 1986 velut
1999 1948 2040 1989 rc·

1250 2007 1430 2073 dargucndum
1445 2025 1618 2081 sttscepcras,
1638 2016 1671 2070 dc
1685 2019 1887 2086 parturientium
1904 2021 2041 2080 doloribus

1251 2100 1342 2167 pnsni,
1360 2102 1456 2169 putasti
1470 2117 1529 2158 csse
1543 2105 1714 2176 tangendum.
1731 2109 1759 2164 Si
1775 2112 1845 2166 enim
1862 2112 1971 2168 feminae
1983 2116 2041 2171 sino

1251 2190 1431 2258 parturitionis
1444 2194 1604 2248 cetteiatibus
1617 2206 1755 2266 parerent,
1772 2215 1835 2270 pnto
1848 2203 1919 2271 qnod
1937 2222 1990 2259 ιιιιιι
2002 2207 2042 2263 cia

1251 2284 1369 2337 membra
1383 2284 1390 2315 ¹
1404 2285 1538 2356 genitalia,
1551 2288 1599 2342 sed
1614 2297 1742 2345 tormenta
1756 2295 1869 2362 pecualia
1881 2296 2043 2355 defuissent.

1252 2374 1334 2428 Porro
1342 2374 1478 2445 Scriptura
1489 2377 1576 2432 riirina
1589 2377 1670 2451 (quod
1681 2387 1828 2453 omnesqui
1840 2387 1931 2456 legunt
1942 2390 2041 2464 sciunt)

1250 2465 1284 2518 de
1298 2476 1406 2534 peccato
1419 2466 1482 2520 Evae
1497 2466 1548 2524 boc
1563 2473 1687 2527 tormenti
1701 2489 1785 2543 genius
1798 2476 1823 2530 in
1837 2476 1982 2533 iciniuemn
1995 2495 2043 2553 ga·

1251 2571 1301 2609 nris
1317 2558 1443 2614 transisse
1464 2567 1576 2615 testatur
1589 2560 1664 2631 (Gen.
1680 2581 1727 2630 nr,
1749 2565 1803 2637 iii).
1825 2567 1880 2623 llrrc
1894 2572 1963 2624 tuin
1977 2572 2044 2629 rumis

1250 2648 1339 2702 uerbis
1355 2651 1489 2718 preterire
1503 2668 1581 2722 quam
1598 2665 1758 2724 pertractare
1773 2660 1904 2728 recoluisti,
1921 2678 1957 2718 nc
1970 2664 2044 2721 clite-

1251 2748 1326 2794 retur
1342 2741 1403 2806 tibi,
1428 2744 1462 2796 ita
1477 2745 1558 2799 saluis
1578 2756 1657 2817 atque
1679 2749 1788 2820 integris
1803 2755 1941 2824 utriusque
1962 2771 2045 2815 sexu!

1250 2833 1409 2902 genitalibus
1423 2836 1448 2889 in
1463 2836 1505 2890 illa
1522 2837 1644 2894 icliciaate
1658 2843 1772 2910 paradisi
1788 2849 1905 2914 putuisse
1917 2850 1978 2904 sinc
1991 2866 2043 2921 pn-

1251 2925 1337 2981 denda
1356 2923 1463 2980 libidine
1476 2931 1654 2986 corretunbcre
1669 2934 1678 2963 ¹
1694 2934 1837 3004 crrrrjngcs,
1860 2939 1931 2993 sient
1946 2952 2043 3011 pertue-

1250 3028 1313 3073 runt
1326 3020 1406 3074 salris
1420 3027 1500 3089 atquc
1515 3021 1623 3092 integris
1640 3023 1760 3080 irrrrincis
1773 3029 1933 3097 genitalibus
1950 3048 2046 3103 partera

1251 3108 1309 3165 sinc
1321 3111 1452 3180 gonrcnoo
1465 3112 1475 3143 ³
1490 3111 1582 3167 dolore
1597 3115 1732 3170 rtrtrlicrcs.
1753 3116 1806 3172 Sed
1821 3135 1935 3176 resnou
1956 3123 2045 3183 molum

1251 3200 1383 3256 cruciatus
1395 3210 1421 3256 et
1436 3204 1548 3273 gemitus
1558 3206 1728 3275 parientium,
1741 3225 1832 3263 rerum
1845 3212 1924 3266 etiam
1937 3214 2046 3271 iabores

1251 3293 1317 3347 alios
1330 3309 1516 3364 aerumnasque
1529 3296 1691 3360 retortalium,
1710 3314 1762 3354 non
1777 3317 1790 3352 a
1807 3310 1926 3370 terrrporc.
1940 3305 2045 3363 ariritrii

1252 3384 1327 3441 liberi
1341 3402 1449 3450 eornm,
1466 3388 1513 3442 sed
1533 3403 1547 3441 a
1564 3388 1607 3443 dic
1626 3391 1713 3445 exitiis
1734 3392 1767 3448 de
1780 3405 1873 3450 rentre
1887 3399 1979 3451 matris
1995 3413 2047 3455 co·

1252 3490 1321 3542 rrrrn,
1334 3477 1458 3531 nrarnltis
1469 3478 1493 3531 in
1506 3477 1565 3532 loco
1577 3487 1656 3534 tantu
1667 3482 1737 3536 illius
1747 3483 1916 3541 beatitudiuis
1930 3503 2046 3557 pnncrc.

1251 3583 1329 3636 quarn
1344 3566 1493 3637 pudendam
1512 3580 1663 3640 susceptam
1679 3585 1794 3628 nestram
1816 3576 1875 3646 ipso
1896 3578 1931 3632 ibi
1946 3582 2046 3637 saitem

1251 3658 1354 3728 pudore
1373 3675 1424 3714 uon
1449 3676 1558 3730 ponere.
1584 3661 1619 3716 Et
1643 3672 1730 3718 tamen
1751 3666 1796 3735 qui
1822 3682 1903 3737 ringus
1918 3669 1946 3724 in
1968 3671 2046 3727 istam

1253 3753 1439 3808 mortalitatem
1454 3763 1513 3823 post
1526 3766 1662 3824 peccatum
1673 3766 1798 3811 numatam
1810 3758 1890 3813 inisse
1904 3770 2048 3829 naturam

1253 3840 1344 3896 lateris
1371 3853 1432 3912 post
1458 3846 1581 3899 meritum
1609 3846 1686 3901 boum
1712 3846 1857 3904 uoluntatis
1882 3850 1908 3904 in
1934 3852 2047 3920 gloriam

1253 3932 1337 3988 beate
1351 3933 1557 3989 immortalitatis
1569 3951 1629 3991 esse
1643 3937 1807 3992 mutandam.
1824 3939 1851 3993 ln
1866 3941 1943 4010 cnjus
1956 3942 2047 4013 gloria

1253 4038 1380 4079 cacumen
1395 4026 1514 4095 paruuli,
1531 4025 1600 4097 quod
1617 4042 1668 4082 non
1684 4029 1794 4097 potestis
1809 4045 1927 4100 negare,
1944 4032 2048 4089 ureritis

1254 4132 1307 4170 non
1326 4133 1395 4181 succ,
1420 4117 1466 4172 scd
1489 4118 1583 4173 aliente
1605 4120 1746 4181 voluntatis
1766 4123 1957 4189 ascendunt&
1980 4138 2048 4196 quot

1254 4221 1307 4260 non
1329 4207 1411 4261 ueritis
1431 4207 1541 4262 credere
1562 4209 1663 4264 moritis
1683 4212 1760 4265 nralae
1775 4212 1919 4266 uoluntatis
1933 4214 2046 4281 aliena,

1254 4297 1300 4350 sed
1317 4307 1402 4352 tamen
1417 4298 1475 4367 ejrts
1489 4299 1514 4352 in
1530 4299 1606 4368 cujus
1621 4299 1718 4355 lurrrbis
1737 4302 1841 4358 ratione
1855 4305 1968 4361 seruitiis
1986 4304 2047 4361 iue-

1254 4398 1333 4457 runt,
1348 4389 1381 4443 ari
1396 4390 1523 4459 protunda
1541 4393 1707 4447 nriscriarmu
1722 4409 1788 4464 qtras
1808 4396 1950 4462 eroriurus,
1966 4397 2048 4455 inisse

1254 4483 1381 4551 dejectos.

1290 4570 1360 4630 xlii.
1374 4573 1433 4630 ιιι.
1447 4574 1498 4630 Sed
1507 4575 1562 4645 jam
1577 4592 1718 4647 pergamus
1729 4579 1762 4635 ad
1775 4580 1889 4650 reliqua.
1901 4580 2047 4653 eonqean

1256 4682 1319 4736 ergo
1343 4667 1472 4727 Abrabae,
1494 4667 1600 4736 quoda
1626 4685 1669 4724 rne
1690 4671 1803 4740 positum
1829 4670 1933 4740 iuerat,
1955 4673 2050 4729 vitarit

1255 4757 1424 4826 exemplum,
1438 4768 1550 4812 conatus
1562 4767 1603 4813 est
1614 4773 1745 4825 asserere,
1760 4760 1916 4817 anineteen
1929 4778 2047 4834 qrroquc,

1255 4849 1301 4920 qni
1315 4860 1408 4905 omme
1420 4850 1554 4904 Abrabam
1569 4850 1590 4915 ¹,
1605 4866 1666 4906 cum
1681 4852 1835 4908 mulieribus
1847 4854 1904 4908 suis
1920 4863 2049 4923 unates,

1256 4941 1380 5006 refertur,
1396 4950 1426 4995 ut
1444 4939 1478 4994 ad
1497 4941 1676 5012 generationis
1690 4957 1816 5012 operam,
1830 4957 1846 4997 a
1860 4960 1913 5013 qua
1927 4959 1984 5016 per
1993 4946 2051 5016 pia·

1255 5049 1315 5104 gam
1328 5043 1386 5090 crat
1398 5039 1563 5104 suspensus,
1579 5044 1670 5104 posset
1683 5035 1769 5090 redire
1781 5077 1789 5101 ,
1805 5051 1858 5091 non
1882 5035 2051 5095 detractione

1257 5125 1388 5190 libidinis,
1406 5124 1452 5180 sed
1470 5125 1562 5180 dolore
1575 5124 1665 5195 aliquo
1679 5140 1757 5196 posse
1771 5126 1883 5196 intelligi
1904 5127 2051 5185 mulierum

1257 5218 1362 5271 rrrlram
1381 5217 1462 5272 luisse
1475 5214 1627 5271 conclusam
1639 5215 1690 5285 (De
1704 5214 1823 5286 Nuptiis,
1836 5217 1883 5271 tit.
1897 5217 1926 5284 2,
1940 5234 1969 5272 n.
1984 5216 2052 5288 sti:

1257 5310 1333 5380 quasi
1346 5325 1361 5363 a
1375 5309 1452 5365 nobis
1466 5318 1629 5363 assereretur
1640 5307 1786 5376 impendio,
1799 5317 1829 5362 ut
1841 5309 1979 5378 appetitus
1992 5308 2053 5365 eis·

1258 5401 1386 5455 rratrrralis
1408 5398 1526 5455 redditus
1550 5396 1706 5452 rideretur:
1731 5413 1791 5452 curn
1815 5413 1866 5468 ego
1889 5398 2053 5456 testimoniis

1290 5581 1298 5610 ¹
1316 5579 1352 5627 sic
1363 5585 1415 5626 itas.
1430 5583 1454 5624 tn
1466 5577 1545 5638 iigm,
1556 5573 1678 5626 noentbrt's.

1289 5639 1456 5701 'signierius
1469 5651 1519 5687 arroe
1545 5637 1659 5700 pudendo
1680 5635 1779 5688 libidine
1803 5637 2052 5703 magmatius,

1257 5699 1754 5825 coqcffiiffi‘rebequrqulgggbmnrestituruu
1762 5711 1794 5748 ex
1805 5701 1987 5765 nmrutaiptis.

1290 5823 1301 5854 ⁸
1317 5825 1354 5872 stc
1365 5831 1417 5871 uss.
1430 5828 1459 5870 at
1470 5822 1550 5891 rign,
1560 5819 1724 5871 ακαιιιιιιιι.

1289 5887 1299 5917 ¹
1313 5884 1448 5955 lugubrius
1455 5883 1544 5931 onuttit
1554 5894 1653 5943 urrmeu,
1662 5881 1863 5946 abrahamqued
1873 5884 2011 5936 numum
2021 5894 2052 5936 n

1260 5951 1466 6067 maiiiigiriictiiias,
1478 6016 1537 6065 quc
1551 6012 1579 6054 tt
1594 6011 1659 6063 tiss..
1671 6003 1713 6056 cis.
